Report Date,2019-06-30 00:00:00,2019-09-30 00:00:00,2019-12-31 00:00:00,2020-03-31 00:00:00,2020-06-30 00:00:00,2020-09-30 00:00:00,2020-12-31 00:00:00,2021-03-31 00:00:00,2021-06-30 00:00:00,2021-09-30 00:00:00,Company_Name
Sales,197.44,231.2,239.3,234.36,233.45,270.37,309.94,289.41,271.9,324.86,AAVAS
Expenses,50.82,50.24,58.67,65.69,53.78,66.32,77.33,75.72,79.27,85.38,AAVAS
Other Income,0.08,0.04,0.03,0.65,0.14,0.03,0.1,1.88,0.09,0.6,AAVAS
Depreciation,1.97,6.68,5.36,5.55,4.76,5.12,5.31,5.42,5.01,5.76,AAVAS
Interest,80.39,83.35,94.93,97.4,111.82,114.36,116.89,115.17,112.79,115.99,AAVAS
Profit before tax,64.34,90.97,80.37,66.37,63.23,84.6,110.51,94.98,74.92,118.33,AAVAS
Tax,19.03,14.97,12.5,6.44,13.15,18.42,24.9,7.38,15.03,26.2,AAVAS
Net profit,45.31,76.01,67.87,59.93,50.08,66.19,85.62,87.61,59.89,92.12,AAVAS
Operating Profit,146.62,180.96,180.63,168.67,179.67,204.05,232.61,213.69,192.63,239.48,AAVAS
