Report Date,2019-06-30 00:00:00,2019-09-30 00:00:00,2019-12-31 00:00:00,2020-03-31 00:00:00,2020-06-30 00:00:00,2020-09-30 00:00:00,2020-12-31 00:00:00,2021-03-31 00:00:00,2021-06-30 00:00:00,2021-09-30 00:00:00,Company_Name
Sales,998.89,1054.8,1078.25,961.2,1064.27,1054.85,1095.37,1095.54,1217.83,1222.06,ABBOTINDIA
Expenses,824.71,850.67,838.55,822.77,830.85,814.14,853.55,890.01,952.68,962.37,ABBOTINDIA
Other Income,29.6,28.9,27.76,28.13,27.63,22.06,15.01,16.2,19.21,18.21,ABBOTINDIA
Depreciation,14.8,14.95,15.05,14.81,14.1,14.29,14.64,15.11,15.73,16.2,ABBOTINDIA
Interest,2.03,1.82,1.86,2.82,4.45,4.79,4.31,4.74,5.04,4.51,ABBOTINDIA
Profit before tax,186.95,216.26,250.55,148.93,242.5,243.69,237.88,201.88,263.59,257.19,ABBOTINDIA
Tax,70.01,37.93,63.86,37.96,62.15,62.96,60.74,49.41,67.83,64.86,ABBOTINDIA
Net profit,116.94,178.33,186.69,110.97,180.35,180.73,177.14,152.47,195.76,192.33,ABBOTINDIA
Operating Profit,174.18,204.13,239.7,138.43,233.42,240.71,241.82,205.53,265.15,259.69,ABBOTINDIA
