Report Date,2019-06-30 00:00:00,2019-09-30 00:00:00,2019-12-31 00:00:00,2020-03-31 00:00:00,2020-06-30 00:00:00,2020-09-30 00:00:00,2020-12-31 00:00:00,2021-03-31 00:00:00,2021-06-30 00:00:00,2021-09-30 00:00:00,Company_Name
Sales,16.36,11.53,21.98,20.26,0.01,,12.24,15.22,1.83,5.73,ADVANIHOTR
Expenses,13.48,12.55,13.92,13.2,5.71,4.28,9.43,10.75,6.72,7.59,ADVANIHOTR
Other Income,0.21,0.21,0.17,0.44,0.2,0.1,0.1,0.31,0.27,0.06,ADVANIHOTR
Depreciation,0.92,0.91,0.83,1.09,0.85,0.83,0.8,0.78,0.78,0.76,ADVANIHOTR
Interest,0.02,0.02,0.05,0.13,0.04,0.03,0.03,0.09,0.02,0.02,ADVANIHOTR
Profit before tax,2.15,-1.74,7.35,6.28,-6.39,-5.04,2.08,3.91,-5.42,-2.58,ADVANIHOTR
Tax,0.27,-0.26,1.12,1.65,-1.66,-1.23,0.46,1.06,-1.35,-0.62,ADVANIHOTR
Net profit,1.88,-1.47,6.22,4.63,-4.74,-3.81,1.61,2.85,-4.07,-1.96,ADVANIHOTR
Operating Profit,2.88,-1.02,8.06,7.06,-5.7,-4.28,2.81,4.47,-4.89,-1.86,ADVANIHOTR
