Report Date,2019-06-30 00:00:00,2019-09-30 00:00:00,2019-12-31 00:00:00,2020-03-31 00:00:00,2020-06-30 00:00:00,2020-09-30 00:00:00,2020-12-31 00:00:00,2021-03-31 00:00:00,2021-06-30 00:00:00,2021-09-30 00:00:00,Company_Name
Sales,21.31,22.58,25.33,22.88,1.37,3.03,11.37,13.65,5.74,9.51,AHLEAST
Expenses,22.67,19.27,19.5,17.28,5.38,6.92,10.42,12.46,9.33,11.31,AHLEAST
Other Income,2.81,3.4,2.42,3.1,4.29,2.04,0.75,2.26,2.28,1.12,AHLEAST
Depreciation,0.74,0.76,0.74,0.74,0.76,0.78,0.79,0.77,0.8,0.82,AHLEAST
Interest,,,,,,,,,,,AHLEAST
Profit before tax,0.71,5.95,7.51,7.96,-0.48,-2.63,0.91,2.68,-2.11,-1.5,AHLEAST
Tax,-0.17,2.06,2.2,4.19,0.07,-0.19,-0.51,0.42,-0.81,-0.35,AHLEAST
Net profit,0.88,3.89,5.32,3.78,-0.55,-2.45,1.42,2.26,-1.3,-1.14,AHLEAST
Operating Profit,-1.36,3.31,5.83,5.6,-4.01,-3.89,0.95,1.19,-3.59,-1.8,AHLEAST
