Report Date,2019-06-30 00:00:00,2019-09-30 00:00:00,2019-12-31 00:00:00,2020-03-31 00:00:00,2020-06-30 00:00:00,2020-09-30 00:00:00,2020-12-31 00:00:00,2021-03-31 00:00:00,2021-06-30 00:00:00,2021-09-30 00:00:00,Company_Name
Sales,545.74,559.45,530.55,560.68,560.85,676.51,733.16,748.07,742.72,823.71,AJANTPHARM
Expenses,406.11,410.43,392.27,454.83,387.42,425.67,487.6,500.99,509.7,590.86,AJANTPHARM
Other Income,39.62,38.24,50.83,51.59,13.1,86.24,2.9,1.33,31.0,52.41,AJANTPHARM
Depreciation,21.71,22.19,22.5,24.89,26.86,27.2,27.95,29.48,29.76,30.4,AJANTPHARM
Interest,1.09,4.24,0.84,2.93,1.2,1.35,2.17,2.18,1.17,0.07,AJANTPHARM
Profit before tax,156.45,160.83,165.77,129.62,158.47,308.53,218.34,216.75,233.09,254.79,AJANTPHARM
Tax,32.85,40.13,57.45,41.11,42.78,83.31,38.39,61.97,39.63,57.94,AJANTPHARM
Net profit,123.6,120.7,108.32,88.51,115.69,225.22,179.95,154.78,193.46,196.85,AJANTPHARM
Operating Profit,139.63,149.02,138.28,105.85,173.43,250.84,245.56,247.08,233.02,232.85,AJANTPHARM
