Report Date,2019-06-30 00:00:00,2019-09-30 00:00:00,2019-12-31 00:00:00,2020-03-31 00:00:00,2020-06-30 00:00:00,2020-09-30 00:00:00,2020-12-31 00:00:00,2021-03-31 00:00:00,2021-06-30 00:00:00,2021-09-30 00:00:00,Company_Name
Sales,77.03,63.58,53.88,55.48,40.63,79.87,61.32,64.64,71.45,68.55,AKSHOPTFBR
Expenses,69.35,59.73,52.49,46.72,37.6,67.48,53.77,52.81,58.38,56.55,AKSHOPTFBR
Other Income,1.55,0.9,0.87,-234.09,1.09,1.08,3.1,0.19,2.14,1.1,AKSHOPTFBR
Depreciation,4.33,3.85,3.74,5.22,3.92,3.92,3.88,3.82,3.79,3.75,AKSHOPTFBR
Interest,6.1,6.84,6.22,7.19,5.32,5.25,5.19,5.87,5.29,4.94,AKSHOPTFBR
Profit before tax,-1.2,-5.94,-7.7,-237.74,-5.12,4.3,1.58,2.33,6.13,4.41,AKSHOPTFBR
Tax,-0.33,-2.06,-2.53,0.08,-1.69,1.47,0.33,0.76,1.8,1.29,AKSHOPTFBR
Net profit,-0.86,-3.87,-5.18,-237.82,-3.43,2.83,1.25,1.57,4.33,3.12,AKSHOPTFBR
Operating Profit,7.68,3.85,1.39,8.76,3.03,12.39,7.55,11.83,13.07,12.0,AKSHOPTFBR
