Report Date,2019-06-30 00:00:00,2019-09-30 00:00:00,2019-12-31 00:00:00,2020-03-31 00:00:00,2020-06-30 00:00:00,2020-09-30 00:00:00,2020-12-31 00:00:00,2021-03-31 00:00:00,2021-06-30 00:00:00,2021-09-30 00:00:00,Company_Name
Sales,26.03,23.6,12.69,11.36,13.1,16.49,14.18,28.54,20.39,19.09,ALEMBICLTD
Expenses,24.12,20.98,12.8,12.05,12.42,14.08,10.39,24.66,16.53,16.62,ALEMBICLTD
Other Income,1.5,32.6,2.08,57.29,2.81,2.69,2.74,1.72,1.96,81.4,ALEMBICLTD
Depreciation,0.69,0.71,0.93,0.9,0.93,0.97,1.02,1.0,1.04,1.06,ALEMBICLTD
Interest,0.07,0.06,0.07,0.08,0.06,0.06,0.08,0.07,0.07,0.09,ALEMBICLTD
Profit before tax,2.65,34.45,0.97,55.62,2.5,4.07,5.43,4.53,4.71,82.72,ALEMBICLTD
Tax,0.64,-0.68,0.02,0.16,0.43,0.9,0.93,0.9,0.96,9.32,ALEMBICLTD
Net profit,2.01,35.13,0.95,55.46,2.07,3.17,4.5,3.63,3.75,73.4,ALEMBICLTD
Operating Profit,1.91,2.62,-0.11,-0.69,0.68,2.41,3.79,3.88,3.86,2.47,ALEMBICLTD
