Report Date,2019-06-30 00:00:00,2019-09-30 00:00:00,2019-12-31 00:00:00,2020-03-31 00:00:00,2020-06-30 00:00:00,2020-09-30 00:00:00,2020-12-31 00:00:00,2021-03-31 00:00:00,2021-06-30 00:00:00,2021-09-30 00:00:00,Company_Name
Sales,3.52,3.66,2.93,7.01,0.86,3.71,5.27,1.37,1.03,1.39,AMJLAND
Expenses,3.4,2.52,3.72,6.71,0.93,2.37,4.08,2.58,1.62,0.76,AMJLAND
Other Income,0.91,0.83,5.4,4.84,1.07,2.68,2.57,0.99,0.74,0.68,AMJLAND
Depreciation,0.46,0.46,0.46,0.46,0.46,0.46,0.46,0.46,0.47,0.47,AMJLAND
Interest,0.01,0.01,,,,,,,,,AMJLAND
Profit before tax,0.56,1.5,4.15,4.68,0.54,3.56,3.3,-0.68,-0.32,0.84,AMJLAND
Tax,0.15,0.13,0.86,0.06,0.09,0.65,0.74,0.59,0.27,0.28,AMJLAND
Net profit,0.41,1.38,3.28,4.62,0.45,2.91,2.56,-1.27,-0.58,0.56,AMJLAND
Operating Profit,0.12,1.14,-0.79,0.3,-0.07,1.34,1.19,-1.21,-0.59,0.63,AMJLAND
