Report Date,2019-06-30 00:00:00,2019-09-30 00:00:00,2019-12-31 00:00:00,2020-03-31 00:00:00,2020-06-30 00:00:00,2020-09-30 00:00:00,2020-12-31 00:00:00,2021-03-31 00:00:00,2021-06-30 00:00:00,2021-09-30 00:00:00,Company_Name
Sales,284.14,282.92,247.17,226.03,220.22,236.59,242.2,250.72,247.49,276.58,ANDHRSUGAR
Expenses,195.98,205.06,199.28,179.57,168.82,183.57,205.78,196.64,194.45,231.13,ANDHRSUGAR
Other Income,3.66,11.12,6.79,5.44,4.68,6.19,3.99,4.51,3.04,12.16,ANDHRSUGAR
Depreciation,13.78,13.77,14.44,14.51,13.56,13.68,13.86,14.53,13.79,14.06,ANDHRSUGAR
Interest,6.85,6.81,7.04,6.93,7.24,6.89,5.16,6.63,4.54,3.16,ANDHRSUGAR
Profit before tax,71.19,68.4,33.2,30.46,35.28,38.64,21.39,37.43,37.75,40.39,ANDHRSUGAR
Tax,24.59,15.27,6.93,-33.68,8.96,8.98,5.69,7.0,9.61,9.21,ANDHRSUGAR
Net profit,46.61,53.12,26.27,64.15,26.31,29.65,15.7,30.43,28.14,31.18,ANDHRSUGAR
Operating Profit,88.16,77.86,47.89,46.46,51.4,53.02,36.42,54.08,53.04,45.45,ANDHRSUGAR
