Report Date,2019-06-30 00:00:00,2019-09-30 00:00:00,2019-12-31 00:00:00,2020-03-31 00:00:00,2020-06-30 00:00:00,2020-09-30 00:00:00,2020-12-31 00:00:00,2021-03-31 00:00:00,2021-06-30 00:00:00,2021-09-30 00:00:00,Company_Name
Sales,115.6,157.69,132.45,86.69,8.7,19.38,33.2,72.43,45.32,62.81,ANIKINDS
Expenses,119.62,156.33,130.67,139.06,11.72,18.73,33.19,69.13,42.46,62.4,ANIKINDS
Other Income,1.75,3.16,2.13,1.03,1.27,1.69,12.44,1.51,1.35,5.89,ANIKINDS
Depreciation,0.2,0.19,0.19,0.31,0.21,0.2,0.21,0.2,0.2,0.2,ANIKINDS
Interest,2.77,3.36,2.34,2.48,3.13,3.53,2.58,1.49,1.69,1.84,ANIKINDS
Profit before tax,-5.24,0.97,1.38,-54.13,-5.09,-1.39,9.66,3.12,2.32,4.26,ANIKINDS
Tax,-1.71,-0.09,0.1,-17.58,-1.67,-0.46,2.59,1.29,1.22,0.5,ANIKINDS
Net profit,-3.51,1.04,1.28,-36.54,-3.42,-0.92,7.08,1.83,1.1,3.75,ANIKINDS
Operating Profit,-4.02,1.36,1.78,-52.37,-3.02,0.65,0.01,3.3,2.86,0.41,ANIKINDS
