Report Date,2019-06-30 00:00:00,2019-09-30 00:00:00,2019-12-31 00:00:00,2020-03-31 00:00:00,2020-06-30 00:00:00,2020-09-30 00:00:00,2020-12-31 00:00:00,2021-03-31 00:00:00,2021-06-30 00:00:00,2021-09-30 00:00:00,Company_Name
Sales,19.95,21.24,19.03,18.92,19.88,27.55,27.96,33.99,35.85,37.56,ARIHANTCAP
Expenses,12.08,11.06,11.47,12.5,11.11,16.33,13.92,19.94,19.75,20.76,ARIHANTCAP
Other Income,0.02,,0.01,0.09,0.01,0.03,0.03,0.39,0.03,0.04,ARIHANTCAP
Depreciation,0.28,0.29,0.32,0.27,0.28,0.39,0.27,0.24,0.28,0.28,ARIHANTCAP
Interest,2.48,2.15,1.54,1.54,0.65,0.77,0.79,1.0,1.01,1.23,ARIHANTCAP
Profit before tax,5.13,7.74,5.71,4.7,7.85,10.09,13.01,13.2,14.84,15.33,ARIHANTCAP
Tax,1.29,1.86,1.78,0.59,1.9,2.24,3.47,1.77,3.21,3.41,ARIHANTCAP
Net profit,3.84,5.88,3.93,4.11,5.95,7.85,9.53,11.43,11.63,11.92,ARIHANTCAP
Operating Profit,7.87,10.18,7.56,6.42,8.77,11.22,14.04,14.05,16.1,16.8,ARIHANTCAP
