Report Date,2019-06-30 00:00:00,2019-09-30 00:00:00,2019-12-31 00:00:00,2020-03-31 00:00:00,2020-06-30 00:00:00,2020-09-30 00:00:00,2020-12-31 00:00:00,2021-03-31 00:00:00,2021-06-30 00:00:00,2021-09-30 00:00:00,Company_Name
Sales,79.56,65.18,83.34,57.32,8.22,35.87,48.66,48.72,26.61,54.86,ASHIMASYN
Expenses,80.09,67.48,80.69,60.88,14.75,40.16,53.48,48.05,34.86,55.19,ASHIMASYN
Other Income,0.92,1.25,0.64,4.79,1.86,2.27,4.56,2.5,0.75,1.83,ASHIMASYN
Depreciation,1.51,1.41,1.26,1.27,1.14,1.2,1.18,1.11,1.12,1.15,ASHIMASYN
Interest,-0.78,0.81,0.78,1.14,0.4,0.78,0.96,1.04,0.53,0.7,ASHIMASYN
Profit before tax,-0.34,-3.27,1.25,-1.18,-6.21,-4.0,-2.4,1.02,-9.15,-0.35,ASHIMASYN
Tax,,,,,,,,0.17,,,ASHIMASYN
Net profit,-0.34,-3.27,1.25,-1.18,-6.21,-4.0,-2.4,0.85,-9.15,-0.35,ASHIMASYN
Operating Profit,-0.53,-2.3,2.65,-3.56,-6.53,-4.29,-4.82,0.67,-8.25,-0.33,ASHIMASYN
