Report Date,2019-06-30 00:00:00,2019-09-30 00:00:00,2019-12-31 00:00:00,2020-03-31 00:00:00,2020-06-30 00:00:00,2020-09-30 00:00:00,2020-12-31 00:00:00,2021-03-31 00:00:00,2021-06-30 00:00:00,2021-09-30 00:00:00,Company_Name
Sales,204.56,208.48,223.86,194.9,193.58,209.48,200.25,210.26,175.4,197.71,ASTRAZEN
Expenses,168.99,174.92,187.1,180.09,165.01,173.72,169.51,169.85,159.77,179.79,ASTRAZEN
Other Income,2.99,3.16,3.46,3.38,2.65,4.71,2.93,2.55,2.9,2.84,ASTRAZEN
Depreciation,4.63,4.64,4.77,4.54,4.56,4.62,5.11,5.84,4.76,4.28,ASTRAZEN
Interest,0.3,0.28,0.27,0.29,0.27,0.28,0.26,0.28,0.27,0.25,ASTRAZEN
Profit before tax,33.63,31.8,35.18,13.36,26.39,35.57,28.3,36.84,13.5,16.23,ASTRAZEN
Tax,12.12,17.38,8.48,3.77,7.75,9.23,7.25,9.56,3.26,4.29,ASTRAZEN
Net profit,21.52,14.42,26.7,9.58,18.63,26.34,21.05,27.28,10.24,11.95,ASTRAZEN
Operating Profit,35.57,33.56,36.76,14.81,28.57,35.76,30.74,40.41,15.63,17.92,ASTRAZEN
