Report Date,2019-06-30 00:00:00,2019-09-30 00:00:00,2019-12-31 00:00:00,2020-03-31 00:00:00,2020-06-30 00:00:00,2020-09-30 00:00:00,2020-12-31 00:00:00,2021-03-31 00:00:00,2021-06-30 00:00:00,2021-09-30 00:00:00,Company_Name
Sales,101.43,455.91,398.98,112.34,174.33,118.22,164.83,5.99,0.84,1.2,AUSOMENT
Expenses,102.91,450.27,389.91,112.29,169.24,114.04,155.99,8.58,0.45,-0.37,AUSOMENT
Other Income,8.15,9.76,9.18,7.46,2.51,1.83,2.29,3.51,2.86,2.04,AUSOMENT
Depreciation,,,,,,,,,,,AUSOMENT
Interest,4.53,5.55,7.37,7.85,0.75,1.06,1.23,2.31,1.22,0.39,AUSOMENT
Profit before tax,2.14,9.85,10.88,-0.34,6.85,4.95,9.9,-1.39,2.03,3.22,AUSOMENT
Tax,0.46,1.64,1.9,1.0,1.2,0.8,1.7,1.2,0.4,0.55,AUSOMENT
Net profit,1.68,8.21,8.97,-1.35,5.64,4.15,8.19,-2.6,1.63,2.67,AUSOMENT
Operating Profit,-1.48,5.64,9.07,0.05,5.09,4.18,8.84,-2.59,0.39,1.57,AUSOMENT
