Report Date,2019-06-30 00:00:00,2019-09-30 00:00:00,2019-12-31 00:00:00,2020-03-31 00:00:00,2020-06-30 00:00:00,2020-09-30 00:00:00,2020-12-31 00:00:00,2021-03-31 00:00:00,2021-06-30 00:00:00,2021-09-30 00:00:00,Company_Name
Sales,6.85,11.57,10.93,13.13,16.7,15.2,17.48,21.84,21.26,28.44,BAFNAPH
Expenses,9.71,11.95,10.7,8.87,14.1,13.92,15.27,17.64,17.77,22.74,BAFNAPH
Other Income,0.3,0.59,-21.69,-2.28,0.18,0.23,0.04,0.31,0.17,-1.79,BAFNAPH
Depreciation,1.02,0.72,1.0,0.52,0.95,1.01,1.02,1.5,1.46,1.42,BAFNAPH
Interest,0.13,0.04,-0.1,0.03,0.02,0.02,0.33,0.38,0.11,0.11,BAFNAPH
Profit before tax,-3.71,-0.55,-22.36,1.43,1.81,0.48,0.9,2.63,2.09,2.38,BAFNAPH
Tax,-1.58,0.04,-0.04,1.58,,,,,,,BAFNAPH
Net profit,-2.13,-0.59,-22.33,-0.16,1.81,0.48,0.9,2.64,2.09,2.38,BAFNAPH
Operating Profit,-2.86,-0.38,0.23,4.26,2.6,1.28,2.21,4.2,3.49,5.7,BAFNAPH
