Report Date,2019-06-30 00:00:00,2019-09-30 00:00:00,2019-12-31 00:00:00,2020-03-31 00:00:00,2020-06-30 00:00:00,2020-09-30 00:00:00,2020-12-31 00:00:00,2021-03-31 00:00:00,2021-06-30 00:00:00,2021-09-30 00:00:00,Company_Name
Sales,430.96,381.9,372.75,344.11,274.63,362.1,388.46,496.9,483.23,484.93,BALMLAWRIE
Expenses,384.58,348.99,325.09,270.46,277.76,334.66,364.77,408.04,448.38,455.44,BALMLAWRIE
Other Income,9.53,21.71,8.56,41.95,8.51,21.06,10.04,31.06,9.71,12.48,BALMLAWRIE
Depreciation,8.85,8.32,9.15,15.58,11.02,10.89,11.49,12.18,11.62,11.34,BALMLAWRIE
Interest,1.95,1.23,2.01,2.8,1.96,1.13,0.86,1.34,2.05,0.73,BALMLAWRIE
Profit before tax,45.11,45.07,45.06,97.22,-7.6,36.48,21.38,106.4,30.89,29.9,BALMLAWRIE
Tax,17.02,6.76,9.21,22.29,-1.25,7.77,9.63,24.05,7.86,7.52,BALMLAWRIE
Net profit,28.09,38.31,35.84,74.93,-6.36,28.7,11.75,82.36,23.03,22.39,BALMLAWRIE
Operating Profit,46.38,32.91,47.66,73.65,-3.13,27.44,23.69,88.86,34.85,29.49,BALMLAWRIE
