Report Date,2019-06-30 00:00:00,2019-09-30 00:00:00,2019-12-31 00:00:00,2020-03-31 00:00:00,2020-06-30 00:00:00,2020-09-30 00:00:00,2020-12-31 00:00:00,2021-03-31 00:00:00,2021-06-30 00:00:00,2021-09-30 00:00:00,Company_Name
Sales,49.17,44.74,43.0,33.77,52.05,64.28,62.7,70.29,70.61,67.0,BALPHARMA
Expenses,47.33,42.85,41.27,32.49,46.33,56.86,56.47,63.33,63.4,60.59,BALPHARMA
Other Income,0.6,0.41,0.98,1.63,0.49,0.39,0.64,1.17,0.53,0.91,BALPHARMA
Depreciation,1.31,1.33,1.35,3.03,1.49,1.8,1.64,2.33,1.7,1.72,BALPHARMA
Interest,3.29,3.32,2.8,3.0,2.78,3.17,2.89,3.12,3.02,2.58,BALPHARMA
Profit before tax,-2.16,-2.35,-1.44,-3.12,1.94,2.84,2.34,2.68,3.02,3.02,BALPHARMA
Tax,-0.37,-0.77,0.57,0.4,0.29,1.31,0.8,-1.7,1.49,-0.03,BALPHARMA
Net profit,-1.79,-1.58,-2.01,-3.52,1.64,1.53,1.55,4.38,1.53,3.05,BALPHARMA
Operating Profit,1.84,1.89,1.73,1.28,5.72,7.42,6.23,6.96,7.21,6.41,BALPHARMA
