Report Date,2019-06-30 00:00:00,2019-09-30 00:00:00,2019-12-31 00:00:00,2020-03-31 00:00:00,2020-06-30 00:00:00,2020-09-30 00:00:00,2020-12-31 00:00:00,2021-03-31 00:00:00,2021-06-30 00:00:00,2021-09-30 00:00:00,Company_Name
Sales,631.98,609.72,1170.89,279.38,127.47,273.81,357.6,380.84,254.41,508.88,BGRENERGY
Expenses,572.88,552.51,1051.36,308.37,155.48,401.99,390.26,378.57,259.12,430.1,BGRENERGY
Other Income,0.01,,-0.01,41.27,0.04,0.04,4.28,1.65,0.24,4.4,BGRENERGY
Depreciation,7.76,7.65,10.92,8.45,8.37,7.64,7.39,7.05,6.45,6.26,BGRENERGY
Interest,68.51,70.14,68.03,70.79,61.82,64.62,67.31,70.5,64.57,71.49,BGRENERGY
Profit before tax,-17.16,-20.58,40.57,-66.96,-98.16,-200.4,-103.08,-73.63,-75.49,5.43,BGRENERGY
Tax,-7.1,-4.41,12.15,-78.28,-25.0,-50.66,-25.79,-18.4,-20.16,1.26,BGRENERGY
Net profit,-10.06,-16.17,28.42,11.32,-73.16,-149.74,-77.29,-55.23,-55.33,4.17,BGRENERGY
Operating Profit,59.1,57.21,119.53,-28.99,-28.01,-128.18,-32.66,2.27,-4.71,78.78,BGRENERGY
