Report Date,2019-06-30 00:00:00,2019-09-30 00:00:00,2019-12-31 00:00:00,2020-03-31 00:00:00,2020-06-30 00:00:00,2020-09-30 00:00:00,2020-12-31 00:00:00,2021-03-31 00:00:00,2021-06-30 00:00:00,2021-09-30 00:00:00,Company_Name
Sales,1.59,11.63,12.75,3.72,2.3,16.02,3.19,14.24,5.37,13.74,BIOFILCHEM
Expenses,1.43,10.74,12.49,3.2,2.6,15.11,2.58,13.88,5.04,13.37,BIOFILCHEM
Other Income,0.01,0.03,0.09,0.04,0.64,0.15,0.02,,0.02,0.03,BIOFILCHEM
Depreciation,0.09,0.09,0.09,0.13,0.1,0.11,0.01,0.19,0.1,0.1,BIOFILCHEM
Interest,0.04,0.03,0.03,0.03,0.02,0.02,0.11,-0.09,0.01,0.01,BIOFILCHEM
Profit before tax,0.04,0.8,0.23,0.4,0.22,0.93,0.51,0.26,0.24,0.29,BIOFILCHEM
Tax,,,,0.26,,,,0.68,0.07,0.08,BIOFILCHEM
Net profit,0.04,0.79,0.23,0.15,0.22,0.93,0.51,-0.41,0.17,0.21,BIOFILCHEM
Operating Profit,0.16,0.89,0.26,0.52,-0.3,0.91,0.61,0.36,0.33,0.37,BIOFILCHEM
