Report Date,2019-06-30 00:00:00,2019-09-30 00:00:00,2019-12-31 00:00:00,2020-03-31 00:00:00,2020-06-30 00:00:00,2020-09-30 00:00:00,2020-12-31 00:00:00,2021-03-31 00:00:00,2021-06-30 00:00:00,2021-09-30 00:00:00,Company_Name
Sales,10.5,2.91,36.0,152.93,176.73,226.53,102.44,31.51,42.85,99.42,BLBLIMITED
Expenses,10.53,3.28,34.75,151.62,175.06,225.51,100.91,30.38,39.53,95.42,BLBLIMITED
Other Income,0.05,-8.52,0.17,-3.69,0.01,0.03,0.06,0.16,,0.08,BLBLIMITED
Depreciation,0.08,0.08,0.11,0.1,0.08,0.07,0.08,0.05,0.07,0.06,BLBLIMITED
Interest,0.4,0.39,0.37,0.39,0.44,0.38,0.26,0.21,0.21,0.2,BLBLIMITED
Profit before tax,-0.46,-9.36,0.94,-2.87,1.16,0.6,1.25,1.03,3.04,3.82,BLBLIMITED
Tax,-0.05,-0.52,0.18,-3.32,1.02,0.09,1.71,0.09,0.73,0.9,BLBLIMITED
Net profit,-0.41,-8.84,0.76,0.45,0.14,0.51,-0.46,0.94,2.31,2.92,BLBLIMITED
Operating Profit,-0.03,-0.37,1.25,1.31,1.67,1.02,1.53,1.13,3.32,4.0,BLBLIMITED
