Report Date,2019-06-30 00:00:00,2019-09-30 00:00:00,2019-12-31 00:00:00,2020-03-31 00:00:00,2020-06-30 00:00:00,2020-09-30 00:00:00,2020-12-31 00:00:00,2021-03-31 00:00:00,2021-06-30 00:00:00,2021-09-30 00:00:00,Company_Name
Sales,322.35,257.52,301.25,331.58,110.12,282.88,330.7,406.04,386.85,431.31,BODALCHEM
Expenses,274.54,232.4,279.03,292.25,131.73,260.64,296.92,357.58,340.12,379.59,BODALCHEM
Other Income,4.58,2.79,5.75,3.49,5.49,5.35,4.7,2.47,7.18,3.37,BODALCHEM
Depreciation,5.62,5.98,6.58,6.96,6.91,6.98,7.06,7.04,8.99,9.08,BODALCHEM
Interest,2.32,3.36,4.29,2.91,2.66,1.8,1.5,3.27,4.62,4.59,BODALCHEM
Profit before tax,44.45,18.57,17.1,32.95,-25.69,18.81,29.92,40.62,40.3,41.42,BODALCHEM
Tax,15.59,-5.62,1.93,5.82,-6.48,4.72,6.87,10.24,10.2,10.61,BODALCHEM
Net profit,28.86,24.19,15.17,27.13,-19.22,14.09,23.06,30.39,30.1,30.81,BODALCHEM
Operating Profit,47.81,25.12,22.22,39.33,-21.61,22.24,33.78,48.46,46.73,51.72,BODALCHEM
