Report Date,2019-06-30 00:00:00,2019-09-30 00:00:00,2019-12-31 00:00:00,2020-03-31 00:00:00,2020-06-30 00:00:00,2020-09-30 00:00:00,2020-12-31 00:00:00,2021-03-31 00:00:00,2021-06-30 00:00:00,2021-09-30 00:00:00,Company_Name
Sales,16.82,14.15,19.89,18.83,12.47,29.24,20.92,14.62,15.58,21.05,BROOKS
Expenses,16.94,16.08,20.83,19.67,12.71,23.89,21.57,18.3,14.54,19.86,BROOKS
Other Income,0.07,0.07,0.06,0.2,0.11,0.52,0.04,0.31,0.92,0.34,BROOKS
Depreciation,1.57,1.6,1.63,1.91,1.98,1.71,1.72,1.69,0.36,0.35,BROOKS
Interest,0.83,0.8,0.86,0.89,0.78,0.8,0.78,0.74,0.18,0.12,BROOKS
Profit before tax,-2.45,-4.26,-3.37,-3.44,-2.89,3.36,-3.11,-5.8,1.42,1.06,BROOKS
Tax,1.28,-2.38,-0.56,12.53,,,,7.15,,,BROOKS
Net profit,-3.73,-1.88,-2.81,-15.97,-2.89,3.37,-3.12,-12.95,1.42,1.06,BROOKS
Operating Profit,-0.12,-1.93,-0.94,-0.84,-0.24,5.35,-0.65,-3.68,1.04,1.19,BROOKS
