Report Date,2019-06-30 00:00:00,2019-09-30 00:00:00,2019-12-31 00:00:00,2020-03-31 00:00:00,2020-06-30 00:00:00,2020-09-30 00:00:00,2020-12-31 00:00:00,2021-03-31 00:00:00,2021-06-30 00:00:00,2021-09-30 00:00:00,Company_Name
Sales,343.84,354.04,368.23,396.05,384.86,401.09,409.51,445.07,453.23,509.86,BSOFT
Expenses,286.92,284.33,306.52,314.86,296.24,315.16,325.61,348.06,369.87,391.64,BSOFT
Other Income,7.98,3.11,9.33,14.54,-5.6,2.99,10.35,4.21,23.24,12.57,BSOFT
Depreciation,17.33,16.96,16.84,18.14,18.3,18.11,17.72,15.82,16.58,17.47,BSOFT
Interest,3.3,3.22,3.11,2.72,2.75,2.61,2.49,2.39,2.44,2.36,BSOFT
Profit before tax,44.27,52.64,51.09,74.87,61.97,68.2,74.04,83.01,87.58,110.96,BSOFT
Tax,14.33,17.16,19.83,30.78,21.26,23.29,24.12,24.98,21.24,28.94,BSOFT
Net profit,29.95,35.48,31.25,44.08,40.7,44.92,49.93,58.02,66.35,82.02,BSOFT
Operating Profit,56.92,69.71,61.71,81.19,88.62,85.93,83.9,97.01,83.36,118.22,BSOFT
