Report Date,Unnamed: 1,Unnamed: 2,2019-12-31 00:00:00,2020-03-31 00:00:00,2020-06-30 00:00:00,2020-09-30 00:00:00,2020-12-31 00:00:00,2021-03-31 00:00:00,2021-06-30 00:00:00,2021-09-30 00:00:00,Company_Name
Sales,,,227.92,190.99,38.5,96.71,163.19,196.05,149.73,245.4,BURGERKING
Expenses,,,201.83,170.09,67.55,96.4,147.99,171.58,148.2,219.81,BURGERKING
Other Income,,,0.59,-2.39,1.17,13.15,12.68,-2.17,3.69,4.28,BURGERKING
Depreciation,,,32.35,34.3,31.29,30.86,33.5,31.9,32.86,33.38,BURGERKING
Interest,,,16.06,21.62,21.28,21.11,23.4,16.34,16.71,16.72,BURGERKING
Profit before tax,,,-21.73,-37.41,-80.45,-38.51,-29.02,-25.94,-44.35,-20.23,BURGERKING
Tax,,,,,,,,,,,BURGERKING
Net profit,,,-21.73,-37.41,-80.45,-38.5,-29.03,-25.94,-44.35,-20.23,BURGERKING
Operating Profit,,,26.09,20.9,-29.05,0.31,15.2,24.47,1.53,25.59,BURGERKING
