Report Date,2019-06-30 00:00:00,2019-09-30 00:00:00,2019-12-31 00:00:00,2020-03-31 00:00:00,2020-06-30 00:00:00,2020-09-30 00:00:00,2020-12-31 00:00:00,2021-03-31 00:00:00,2021-06-30 00:00:00,2021-09-30 00:00:00,Company_Name
Sales,1343.8,1561.4,1711.0,1812.2,1795.9,2056.9,1918.8,2008.4,2123.4,2008.9,CADILAHC
Expenses,1160.7,1155.7,1359.6,1292.6,1206.7,1429.3,1420.7,1414.6,1505.8,1524.6,CADILAHC
Other Income,27.0,415.2,50.2,361.0,20.0,60.8,-162.5,-16.5,29.7,-249.9,CADILAHC
Depreciation,90.0,104.7,109.8,112.3,110.9,112.1,113.1,115.0,116.7,119.2,CADILAHC
Interest,26.3,83.2,48.4,62.6,19.9,14.9,15.6,20.5,44.2,24.1,CADILAHC
Profit before tax,93.8,633.0,243.4,705.7,478.4,561.4,206.9,441.8,486.4,91.1,CADILAHC
Tax,15.1,79.4,29.8,86.4,80.2,88.4,66.6,-22.9,86.5,77.0,CADILAHC
Net profit,78.7,553.6,213.6,619.3,398.2,473.0,140.3,464.7,399.9,14.1,CADILAHC
Operating Profit,183.1,405.7,351.4,519.6,589.2,627.6,498.1,593.8,617.6,484.3,CADILAHC
