Report Date,Unnamed: 1,2019-09-30 00:00:00,2019-12-31 00:00:00,2020-03-31 00:00:00,2020-06-30 00:00:00,2020-09-30 00:00:00,2020-12-31 00:00:00,2021-03-31 00:00:00,2021-06-30 00:00:00,2021-09-30 00:00:00,Company_Name
Sales,,164.2,166.93,164.49,143.06,161.94,179.57,189.19,191.29,215.73,CAMS
Expenses,,101.74,102.65,93.53,93.02,95.4,107.62,109.82,107.05,119.48,CAMS
Other Income,,6.26,8.84,1.18,9.03,16.1,30.18,3.3,30.5,3.04,CAMS
Depreciation,,11.89,11.55,11.84,10.03,9.89,9.81,9.66,9.72,10.95,CAMS
Interest,,1.98,2.14,2.04,2.03,1.78,1.7,1.61,1.67,1.65,CAMS
Profit before tax,,54.85,59.43,58.26,47.01,70.97,90.62,71.4,103.35,86.69,CAMS
Tax,,12.43,13.59,18.03,10.74,15.76,16.31,18.22,19.44,21.44,CAMS
Net profit,,42.41,45.85,40.23,36.26,55.22,74.3,53.19,83.92,65.24,CAMS
Operating Profit,,62.46,64.28,70.96,50.04,66.54,71.95,79.37,84.24,96.25,CAMS
