Report Date,2019-06-30 00:00:00,2019-09-30 00:00:00,2019-12-31 00:00:00,2020-03-31 00:00:00,2020-06-30 00:00:00,2020-09-30 00:00:00,2020-12-31 00:00:00,2021-03-31 00:00:00,2021-06-30 00:00:00,2021-09-30 00:00:00,Company_Name
Sales,38.77,47.5,37.87,27.84,25.67,25.5,30.87,27.47,22.0,25.55,CAPTRUST
Expenses,33.67,15.0,15.84,22.28,15.24,17.09,22.14,49.92,32.98,16.99,CAPTRUST
Other Income,2.04,0.21,0.86,1.8,0.93,0.08,1.49,0.86,0.8,0.81,CAPTRUST
Depreciation,0.14,0.36,0.22,0.17,0.19,0.12,0.13,0.14,0.13,0.07,CAPTRUST
Interest,17.43,15.97,14.3,13.01,9.96,9.71,9.69,8.85,9.27,8.8,CAPTRUST
Profit before tax,-10.43,16.38,8.37,-5.82,1.21,-1.34,0.4,-30.58,-19.58,0.5,CAPTRUST
Tax,0.33,4.73,2.43,0.48,0.3,-0.44,0.09,-6.49,-5.33,0.15,CAPTRUST
Net profit,-10.76,11.65,5.93,-6.3,0.91,-0.9,0.31,-24.09,-14.26,0.35,CAPTRUST
Operating Profit,5.1,32.5,22.03,5.56,10.43,8.41,8.73,-22.45,-10.98,8.56,CAPTRUST
