Report Date,2019-06-30 00:00:00,2019-09-30 00:00:00,2019-12-31 00:00:00,2020-03-31 00:00:00,2020-06-30 00:00:00,2020-09-30 00:00:00,2020-12-31 00:00:00,2021-03-31 00:00:00,2021-06-30 00:00:00,2021-09-30 00:00:00,Company_Name
Sales,1039.6,849.2,1011.8,688.0,490.6,883.1,935.2,1138.7,889.6,1073.2,CASTROLIND
Expenses,755.3,604.7,670.6,515.0,395.3,594.9,677.6,798.6,692.1,810.7,CASTROLIND
Other Income,15.9,11.6,16.2,19.8,15.2,11.7,15.3,14.3,13.3,8.4,CASTROLIND
Depreciation,16.6,18.6,18.3,22.2,20.6,21.5,22.3,21.5,19.9,20.4,CASTROLIND
Interest,0.3,0.3,0.3,1.1,1.4,0.9,0.8,0.6,0.7,0.6,CASTROLIND
Profit before tax,283.3,237.2,338.8,169.5,88.5,277.5,249.8,332.3,190.2,249.9,CASTROLIND
Tax,100.6,48.8,67.5,44.3,23.1,72.9,62.1,88.7,50.2,64.0,CASTROLIND
Net profit,182.7,188.4,271.3,125.2,65.4,204.6,187.7,243.6,140.0,185.9,CASTROLIND
Operating Profit,284.3,244.5,341.2,173.0,95.3,288.2,257.6,340.1,197.5,262.5,CASTROLIND
