Report Date,2019-06-30 00:00:00,2019-09-30 00:00:00,2019-12-31 00:00:00,2020-03-31 00:00:00,2020-06-30 00:00:00,2020-09-30 00:00:00,2020-12-31 00:00:00,2021-03-31 00:00:00,2021-06-30 00:00:00,2021-09-30 00:00:00,Company_Name
Sales,11.95,24.81,33.39,29.71,11.55,14.19,18.59,19.57,21.18,62.89,CEREBRAINT
Expenses,5.94,15.92,21.32,30.17,12.92,13.6,8.35,17.46,15.96,49.21,CEREBRAINT
Other Income,0.11,1.75,0.02,-17.06,0.18,-0.06,0.01,0.01,0.04,0.05,CEREBRAINT
Depreciation,0.07,0.07,0.07,0.08,0.09,0.09,0.1,0.1,0.1,0.23,CEREBRAINT
Interest,0.76,0.51,0.88,0.18,0.94,-0.41,2.31,1.19,1.14,1.67,CEREBRAINT
Profit before tax,5.29,10.06,11.14,-17.78,-2.22,0.85,7.84,0.83,4.02,11.83,CEREBRAINT
Tax,1.54,2.32,2.95,-4.64,,,1.67,1.02,0.6,1.77,CEREBRAINT
Net profit,3.75,7.74,8.18,-13.15,-2.22,0.84,6.18,-0.18,3.42,10.05,CEREBRAINT
Operating Profit,6.01,8.89,12.07,-0.46,-1.37,0.59,10.24,2.11,5.22,13.68,CEREBRAINT
