Report Date,2019-06-30 00:00:00,2019-09-30 00:00:00,2019-12-31 00:00:00,2020-03-31 00:00:00,2020-06-30 00:00:00,2020-09-30 00:00:00,2020-12-31 00:00:00,2021-03-31 00:00:00,2021-06-30 00:00:00,2021-09-30 00:00:00,Company_Name
Sales,147.3,123.84,110.66,116.5,21.68,48.24,63.72,68.06,22.6,22.26,CMICABLES
Expenses,134.68,113.31,97.21,104.67,25.07,57.35,66.29,78.0,33.28,23.0,CMICABLES
Other Income,4.72,4.44,2.28,2.15,1.12,1.03,0.99,-139.16,0.25,-72.34,CMICABLES
Depreciation,2.89,2.9,2.92,2.96,2.98,2.93,2.99,2.96,2.65,2.6,CMICABLES
Interest,9.61,10.58,10.56,9.26,11.19,9.73,10.59,13.79,10.9,11.67,CMICABLES
Profit before tax,4.84,1.49,2.25,1.76,-16.44,-20.74,-15.16,-165.85,-23.98,-87.35,CMICABLES
Tax,1.54,0.4,0.83,3.86,-4.14,-5.23,-3.82,-10.41,-6.03,-12.68,CMICABLES
Net profit,3.29,1.09,1.43,-2.11,-12.3,-15.52,-11.34,-155.44,-17.95,-74.67,CMICABLES
Operating Profit,12.62,10.53,13.45,11.83,-3.39,-9.11,-2.57,-9.94,-10.68,-0.74,CMICABLES
