Report Date,2019-06-30 00:00:00,2019-09-30 00:00:00,2019-12-31 00:00:00,2020-03-31 00:00:00,2020-06-30 00:00:00,2020-09-30 00:00:00,2020-12-31 00:00:00,2021-03-31 00:00:00,2021-06-30 00:00:00,2021-09-30 00:00:00,Company_Name
Sales,1346.84,1075.79,1071.29,1018.05,713.17,1198.39,1323.13,1515.26,1046.15,1384.81,CROMPTON
Expenses,1154.78,946.28,934.43,879.62,614.35,1012.53,1127.95,1290.43,923.38,1170.68,CROMPTON
Other Income,17.32,12.24,17.39,11.92,18.76,16.66,19.87,20.34,19.69,28.44,CROMPTON
Depreciation,5.78,6.39,6.42,8.2,7.99,7.66,6.88,7.16,7.57,10.06,CROMPTON
Interest,14.99,8.71,8.72,8.25,10.78,11.13,10.56,10.44,10.07,8.02,CROMPTON
Profit before tax,188.61,126.65,139.11,133.9,98.81,183.73,197.61,227.57,124.82,224.49,CROMPTON
Tax,66.01,15.38,-21.91,34.09,25.1,46.65,50.18,-18.95,31.7,54.01,CROMPTON
Net profit,122.6,111.27,161.02,99.81,73.71,137.08,147.43,246.52,93.12,170.48,CROMPTON
Operating Profit,192.06,129.51,136.86,138.43,98.82,185.86,195.18,224.83,122.77,214.13,CROMPTON
