Report Date,2019-06-30 00:00:00,2019-09-30 00:00:00,2019-12-31 00:00:00,2020-03-31 00:00:00,2020-06-30 00:00:00,2020-09-30 00:00:00,2020-12-31 00:00:00,2021-03-31 00:00:00,2021-06-30 00:00:00,2021-09-30 00:00:00,Company_Name
Sales,583.66,471.71,504.44,550.85,881.52,719.53,605.78,488.8,818.57,728.06,DALMIASUG
Expenses,488.34,382.07,449.5,454.17,684.53,627.98,550.08,361.56,677.46,641.07,DALMIASUG
Other Income,13.82,15.84,15.56,15.74,16.47,11.43,13.78,11.69,4.91,19.08,DALMIASUG
Depreciation,12.63,14.38,15.18,15.05,14.53,14.85,14.39,51.77,20.87,20.83,DALMIASUG
Interest,24.64,21.35,16.57,25.83,25.64,14.9,11.12,10.2,12.13,7.6,DALMIASUG
Profit before tax,71.87,69.75,38.75,71.54,173.29,73.23,43.97,76.96,113.02,77.64,DALMIASUG
Tax,14.31,18.09,12.04,9.51,47.43,17.68,6.87,25.96,-11.35,19.72,DALMIASUG
Net profit,57.56,51.66,26.71,62.03,125.86,55.55,37.1,51.0,124.37,57.92,DALMIASUG
Operating Profit,95.32,89.64,54.94,96.68,196.99,91.55,55.7,127.24,141.11,86.99,DALMIASUG
