Report Date,2019-06-30 00:00:00,2019-09-30 00:00:00,2019-12-31 00:00:00,2020-03-31 00:00:00,2020-06-30 00:00:00,2020-09-30 00:00:00,2020-12-31 00:00:00,2021-03-31 00:00:00,2021-06-30 00:00:00,2021-09-30 00:00:00,Company_Name
Sales,203.62,196.61,192.44,173.31,117.54,153.25,164.16,173.43,164.61,187.21,DICIND
Expenses,198.48,191.96,185.96,167.14,115.28,147.18,156.14,167.61,159.87,182.55,DICIND
Other Income,5.41,1.36,0.68,1.39,98.68,2.41,2.49,4.0,1.2,2.91,DICIND
Depreciation,2.62,2.78,2.88,3.81,3.9,3.61,3.41,3.28,3.21,3.22,DICIND
Interest,1.18,1.25,1.26,0.66,0.55,0.36,0.33,0.44,0.33,0.25,DICIND
Profit before tax,6.75,1.98,3.02,3.09,96.49,4.51,6.77,6.1,2.4,4.1,DICIND
Tax,1.76,1.4,-4.15,0.68,21.43,1.16,1.7,1.59,0.63,1.05,DICIND
Net profit,5.0,0.58,7.16,2.41,75.07,3.35,5.07,4.51,1.77,3.05,DICIND
Operating Profit,5.14,4.65,6.48,6.17,2.26,6.07,8.02,5.82,4.74,4.66,DICIND
