Report Date,2019-06-30 00:00:00,2019-09-30 00:00:00,2019-12-31 00:00:00,2020-03-31 00:00:00,2020-06-30 00:00:00,2020-09-30 00:00:00,2020-12-31 00:00:00,2021-03-31 00:00:00,2021-06-30 00:00:00,2021-09-30 00:00:00,Company_Name
Sales,277.71,271.27,282.88,249.29,119.27,265.25,323.02,392.64,301.42,416.52,ELGIEQUIP
Expenses,251.12,240.82,252.47,217.63,124.39,222.35,273.47,324.81,267.25,349.01,ELGIEQUIP
Other Income,2.59,10.16,6.28,30.61,5.7,6.53,5.14,6.69,9.83,16.67,ELGIEQUIP
Depreciation,8.68,9.16,9.37,9.44,8.89,8.87,8.9,8.67,8.69,9.13,ELGIEQUIP
Interest,0.8,1.08,1.32,1.1,1.19,0.91,0.85,0.73,0.53,0.5,ELGIEQUIP
Profit before tax,19.7,30.37,26.0,51.73,-9.5,39.65,44.94,65.12,34.78,74.55,ELGIEQUIP
Tax,5.77,5.66,6.22,9.72,-2.44,9.81,11.47,16.27,8.77,17.64,ELGIEQUIP
Net profit,13.93,24.71,19.78,42.01,-7.06,29.83,33.47,48.85,26.01,56.92,ELGIEQUIP
Operating Profit,26.59,30.45,30.41,31.66,-5.12,42.9,49.55,67.83,34.17,67.51,ELGIEQUIP
