Report Date,2019-06-30 00:00:00,2019-09-30 00:00:00,2019-12-31 00:00:00,2020-03-31 00:00:00,2020-06-30 00:00:00,2020-09-30 00:00:00,2020-12-31 00:00:00,2021-03-31 00:00:00,2021-06-30 00:00:00,2021-09-30 00:00:00,Company_Name
Sales,588.55,592.12,748.28,460.45,434.59,653.86,845.37,648.46,608.09,711.89,EMAMILTD
Expenses,458.96,406.54,492.77,439.55,319.27,408.64,523.2,495.58,445.6,447.53,EMAMILTD
Other Income,49.16,16.36,11.74,14.02,42.19,8.85,14.34,46.4,32.08,39.16,EMAMILTD
Depreciation,78.45,80.68,83.39,83.58,73.4,113.49,93.06,81.19,81.5,82.62,EMAMILTD
Interest,3.86,8.94,4.06,2.04,4.25,2.2,1.13,4.43,0.32,0.47,EMAMILTD
Profit before tax,96.44,112.32,179.8,-50.7,79.86,138.38,242.32,113.66,112.75,220.43,EMAMILTD
Tax,13.88,16.65,31.89,-13.68,12.67,23.86,40.15,22.41,19.78,38.07,EMAMILTD
Net profit,82.56,95.67,147.91,-37.02,67.19,114.52,202.17,91.25,92.97,182.36,EMAMILTD
Operating Profit,129.59,185.58,255.51,20.9,115.32,245.22,322.17,152.88,162.49,264.36,EMAMILTD
