Report Date,2019-06-30 00:00:00,2019-09-30 00:00:00,2019-12-31 00:00:00,2020-03-31 00:00:00,2020-06-30 00:00:00,2020-09-30 00:00:00,2020-12-31 00:00:00,2021-03-31 00:00:00,2021-06-30 00:00:00,2021-09-30 00:00:00,Company_Name
Sales,66.93,80.81,81.51,74.68,50.81,57.08,73.56,92.54,104.16,112.77,EMMBI
Expenses,57.71,70.98,71.72,66.11,44.92,50.83,65.97,83.83,93.05,100.26,EMMBI
Other Income,0.03,0.03,0.03,0.07,0.03,0.04,0.02,0.11,0.01,0.03,EMMBI
Depreciation,1.73,1.73,1.81,1.7,1.75,1.78,1.87,1.86,2.08,2.16,EMMBI
Interest,2.78,2.99,3.09,3.07,2.87,2.84,2.73,2.92,3.33,3.72,EMMBI
Profit before tax,4.74,5.14,4.92,3.87,1.3,1.67,3.01,4.04,5.71,6.66,EMMBI
Tax,1.31,1.29,1.33,0.12,0.24,0.47,0.67,0.98,1.24,1.75,EMMBI
Net profit,3.44,3.86,3.59,3.74,1.06,1.2,2.35,3.06,4.47,4.91,EMMBI
Operating Profit,9.22,9.83,9.79,8.57,5.89,6.25,7.59,8.71,11.11,12.51,EMMBI
