Report Date,2019-06-30 00:00:00,2019-09-30 00:00:00,2019-12-31 00:00:00,2020-03-31 00:00:00,2020-06-30 00:00:00,2020-09-30 00:00:00,2020-12-31 00:00:00,2021-03-31 00:00:00,2021-06-30 00:00:00,2021-09-30 00:00:00,Company_Name
Sales,351.2,930.93,779.3,708.48,551.8,1046.82,839.04,821.16,742.14,781.65,FACT
Expenses,362.33,855.17,683.53,589.82,517.39,911.12,654.14,623.82,657.51,677.13,FACT
Other Income,5.85,4.19,978.8,14.95,13.69,13.63,17.89,22.38,24.03,-2.74,FACT
Depreciation,4.45,4.49,4.45,4.63,4.97,4.93,4.91,7.88,7.63,3.76,FACT
Interest,70.51,69.2,87.15,62.48,60.69,61.33,61.17,62.08,61.23,61.57,FACT
Profit before tax,-80.24,6.26,982.97,66.5,-17.56,83.07,136.71,149.76,39.8,36.45,FACT
Tax,,,,,,,,,,,FACT
Net profit,-80.24,6.26,982.97,66.5,-17.56,83.07,136.71,149.76,39.8,36.45,FACT
Operating Profit,-11.13,75.76,95.77,118.66,34.41,135.7,184.9,197.34,84.63,104.52,FACT
