Report Date,2019-06-30 00:00:00,2019-09-30 00:00:00,2019-12-31 00:00:00,2020-03-31 00:00:00,2020-06-30 00:00:00,2020-09-30 00:00:00,2020-12-31 00:00:00,2021-03-31 00:00:00,2021-06-30 00:00:00,2021-09-30 00:00:00,Company_Name
Sales,784.36,878.0,675.3,688.43,201.94,75.41,44.13,265.96,175.34,317.78,FCONSUMER
Expenses,747.99,836.79,639.1,752.16,224.55,145.82,121.96,350.74,180.13,312.71,FCONSUMER
Other Income,14.11,16.55,16.49,-268.18,15.58,-18.75,14.4,-34.39,18.01,14.15,FCONSUMER
Depreciation,12.48,12.84,12.98,12.83,11.39,9.98,9.3,10.29,9.64,9.61,FCONSUMER
Interest,20.59,19.61,19.78,19.96,18.33,18.49,18.08,15.12,16.2,16.08,FCONSUMER
Profit before tax,17.41,25.31,19.93,-364.7,-36.75,-117.63,-90.81,-144.58,-12.62,-6.47,FCONSUMER
Tax,5.67,11.2,5.17,-18.44,0.1,-7.09,-11.0,38.98,,,FCONSUMER
Net profit,11.74,14.11,14.76,-346.26,-36.85,-110.54,-79.81,-183.56,-12.62,-6.47,FCONSUMER
Operating Profit,36.37,41.21,36.2,-63.73,-22.61,-70.41,-77.83,-84.78,-4.79,5.07,FCONSUMER
