Report Date,2019-06-30 00:00:00,2019-09-30 00:00:00,2019-12-31 00:00:00,2020-03-31 00:00:00,2020-06-30 00:00:00,2020-09-30 00:00:00,2020-12-31 00:00:00,2021-03-31 00:00:00,2021-06-30 00:00:00,2021-09-30 00:00:00,Company_Name
Sales,1097.63,1323.19,1278.78,343.55,66.84,117.46,323.95,378.68,289.73,514.22,FEL
Expenses,768.76,932.47,890.07,322.82,59.59,92.1,291.96,318.27,258.91,492.62,FEL
Other Income,6.31,8.09,5.62,22.03,114.66,12.53,5.46,0.21,5.13,6.98,FEL
Depreciation,203.87,219.3,232.14,205.37,226.41,121.1,132.48,129.74,133.09,133.01,FEL
Interest,151.01,155.62,157.9,171.22,174.74,174.67,184.86,182.73,179.05,154.26,FEL
Profit before tax,-19.7,23.89,4.29,-333.83,-279.24,-257.88,-279.89,-251.85,-276.19,-258.69,FEL
Tax,-6.88,7.67,1.25,-38.89,,,,-17.89,,,FEL
Net profit,-12.82,16.22,3.04,-294.94,-279.24,-257.88,-279.89,-233.96,-276.19,-258.69,FEL
Operating Profit,328.87,390.72,388.71,20.73,7.25,25.36,31.99,60.41,30.82,21.6,FEL
