Report Date,2019-06-30 00:00:00,2019-09-30 00:00:00,2019-12-31 00:00:00,2020-03-31 00:00:00,2020-06-30 00:00:00,2020-09-30 00:00:00,2020-12-31 00:00:00,2021-03-31 00:00:00,2021-06-30 00:00:00,2021-09-30 00:00:00,Company_Name
Sales,359.91,371.0,324.41,321.65,67.6,373.71,358.38,421.22,274.68,419.22,FIEMIND
Expenses,320.24,329.7,286.77,283.6,82.97,320.72,315.55,367.89,243.15,367.27,FIEMIND
Other Income,0.23,0.17,0.88,-0.43,0.3,-2.92,0.77,2.04,0.35,0.93,FIEMIND
Depreciation,12.79,13.17,13.27,13.49,13.84,13.65,13.42,16.18,13.85,14.02,FIEMIND
Interest,5.37,4.74,4.1,3.46,2.89,3.19,2.88,2.68,2.18,2.02,FIEMIND
Profit before tax,21.74,23.56,21.15,20.67,-31.8,33.23,27.3,36.51,15.85,36.84,FIEMIND
Tax,7.38,7.95,-4.83,-2.31,-7.97,8.38,6.7,11.02,4.08,9.39,FIEMIND
Net profit,14.35,15.62,25.98,22.98,-23.83,24.86,20.6,25.49,11.77,27.45,FIEMIND
Operating Profit,39.67,41.3,37.64,38.05,-15.37,52.99,42.83,53.33,31.53,51.95,FIEMIND
