Report Date,2019-06-30 00:00:00,2019-09-30 00:00:00,2019-12-31 00:00:00,2020-03-31 00:00:00,2020-06-30 00:00:00,2020-09-30 00:00:00,2020-12-31 00:00:00,2021-03-31 00:00:00,2021-06-30 00:00:00,2021-09-30 00:00:00,Company_Name
Sales,283.49,242.96,182.85,163.48,133.9,245.81,223.14,265.04,264.51,260.37,FLEXITUFF
Expenses,275.37,272.54,231.2,162.6,169.75,252.59,213.56,238.86,267.5,252.75,FLEXITUFF
Other Income,3.68,4.19,4.14,8.0,2.88,3.9,64.23,1.66,3.27,5.41,FLEXITUFF
Depreciation,18.36,18.55,18.87,18.72,19.0,18.58,18.36,16.8,17.97,17.56,FLEXITUFF
Interest,27.31,26.5,20.98,-0.96,17.58,15.82,19.93,19.59,17.57,16.94,FLEXITUFF
Profit before tax,-33.87,-70.44,-84.06,-8.88,-69.55,-37.28,35.52,-8.55,-35.26,-21.47,FLEXITUFF
Tax,-10.88,-21.07,0.37,-0.25,-0.06,-28.12,12.7,-6.65,-11.0,-1.54,FLEXITUFF
Net profit,-22.99,-49.37,-84.43,-8.63,-69.49,-9.16,22.82,-1.9,-24.26,-19.93,FLEXITUFF
Operating Profit,8.12,-29.58,-48.35,0.88,-35.85,-6.78,9.58,26.18,-2.99,7.62,FLEXITUFF
