Report Date,2019-03-31 00:00:00,2019-09-30 00:00:00,2019-12-31 00:00:00,2020-03-31 00:00:00,2020-06-30 00:00:00,2020-09-30 00:00:00,2020-12-31 00:00:00,2021-03-31 00:00:00,2021-06-30 00:00:00,2021-09-30 00:00:00,Company_Name
Sales,681.88,657.03,542.13,562.1,555.39,591.7,599.97,776.55,839.13,952.05,FLUOROCHEM
Expenses,483.07,535.11,426.78,540.14,421.36,440.55,441.21,596.48,598.26,664.55,FLUOROCHEM
Other Income,6.36,-22.16,3.2,173.46,40.51,39.71,29.34,30.47,26.44,46.16,FLUOROCHEM
Depreciation,42.32,44.19,43.64,45.0,45.52,46.39,46.7,45.95,45.8,46.45,FLUOROCHEM
Interest,14.03,23.56,26.86,32.62,32.68,27.53,26.79,22.19,24.05,19.61,FLUOROCHEM
Profit before tax,148.82,32.01,48.05,117.8,96.34,116.94,114.61,142.4,197.46,267.6,FLUOROCHEM
Tax,-432.22,15.33,15.06,89.24,29.43,38.3,589.29,41.44,51.07,61.58,FLUOROCHEM
Net profit,581.04,16.68,32.99,28.56,66.91,78.64,-474.68,100.96,146.39,206.02,FLUOROCHEM
Operating Profit,198.81,121.92,115.35,21.96,134.03,151.15,158.76,180.07,240.87,287.5,FLUOROCHEM
