Report Date,2019-06-30 00:00:00,2019-09-30 00:00:00,2019-12-31 00:00:00,2020-03-31 00:00:00,2020-06-30 00:00:00,2020-09-30 00:00:00,2020-12-31 00:00:00,2021-03-31 00:00:00,2021-06-30 00:00:00,2021-09-30 00:00:00,Company_Name
Sales,98.01,72.39,79.48,134.42,65.92,65.15,67.73,157.78,141.74,166.02,FOODSIN
Expenses,85.36,69.71,75.49,125.18,60.81,60.75,68.43,147.15,127.09,151.08,FOODSIN
Other Income,0.12,2.94,2.15,0.93,2.38,3.03,4.05,2.77,0.97,1.1,FOODSIN
Depreciation,3.26,3.08,2.84,3.23,3.08,3.15,3.18,3.03,3.29,2.97,FOODSIN
Interest,2.27,2.47,2.9,3.74,2.61,3.39,3.95,4.51,3.52,4.09,FOODSIN
Profit before tax,7.24,0.07,0.4,3.2,1.8,0.89,-3.78,5.86,8.81,8.98,FOODSIN
Tax,2.03,-0.68,-1.88,0.41,0.43,0.25,-1.01,1.21,2.7,2.56,FOODSIN
Net profit,5.22,0.74,2.28,2.79,1.38,0.64,-2.78,4.64,6.12,6.42,FOODSIN
Operating Profit,12.65,2.68,3.99,9.24,5.11,4.4,-0.7,10.63,14.65,14.94,FOODSIN
