Report Date,2019-06-30 00:00:00,2019-09-30 00:00:00,2019-12-31 00:00:00,2020-03-31 00:00:00,2020-06-30 00:00:00,2020-09-30 00:00:00,2020-12-31 00:00:00,2021-03-31 00:00:00,2021-06-30 00:00:00,2021-09-30 00:00:00,Company_Name
Sales,86.32,78.93,73.32,72.28,27.65,68.95,82.27,88.51,75.07,86.97,FOSECOIND
Expenses,72.87,67.61,64.6,63.96,32.29,61.36,72.86,75.94,68.18,74.54,FOSECOIND
Other Income,1.91,1.98,2.36,1.34,2.29,0.89,1.8,0.78,3.04,0.99,FOSECOIND
Depreciation,1.0,1.09,1.14,1.45,1.45,1.58,1.44,1.38,1.39,1.51,FOSECOIND
Interest,,,,,,,,,,,FOSECOIND
Profit before tax,14.36,12.21,9.94,8.21,-3.8,6.9,9.77,11.97,8.54,11.91,FOSECOIND
Tax,5.1,2.0,3.52,2.14,-0.88,1.83,2.58,2.71,2.23,2.92,FOSECOIND
Net profit,9.26,10.22,6.42,6.08,-2.92,5.08,7.19,9.27,6.31,8.98,FOSECOIND
Operating Profit,13.45,11.32,8.72,8.32,-4.64,7.59,9.41,12.57,6.89,12.43,FOSECOIND
