Report Date,2019-06-30 00:00:00,2019-09-30 00:00:00,2019-12-31 00:00:00,2020-03-31 00:00:00,2020-06-30 00:00:00,2020-09-30 00:00:00,2020-12-31 00:00:00,2021-03-31 00:00:00,2021-06-30 00:00:00,2021-09-30 00:00:00,Company_Name
Sales,5149.36,5393.88,5129.73,4445.35,1355.18,1417.28,1486.3,2002.28,1405.73,2346.62,FRETAIL
Expenses,4516.52,4719.1,4433.39,4464.97,1498.11,1431.83,1603.58,2293.3,1801.0,2705.46,FRETAIL
Other Income,8.8,20.54,14.78,39.48,92.44,46.85,26.84,10.23,1.38,1.95,FRETAIL
Depreciation,239.72,260.78,271.45,268.94,231.23,363.34,353.94,379.66,403.67,403.0,FRETAIL
Interest,239.42,263.32,268.94,221.53,271.19,354.64,396.75,419.77,349.72,359.74,FRETAIL
Profit before tax,162.5,171.22,170.73,-470.61,-552.91,-685.68,-841.13,-1080.22,-1147.28,-1119.63,FRETAIL
Tax,,,,,,,,20.11,,,FRETAIL
Net profit,162.5,171.22,170.73,-470.61,-552.91,-685.68,-841.13,-1100.33,-1147.28,-1119.63,FRETAIL
Operating Profit,632.84,674.78,696.34,-19.62,-142.93,-14.55,-117.28,-291.02,-395.27,-358.84,FRETAIL
