Report Date,2019-06-30 00:00:00,2019-09-30 00:00:00,2019-12-31 00:00:00,2020-03-31 00:00:00,2020-06-30 00:00:00,2020-09-30 00:00:00,2020-12-31 00:00:00,2021-03-31 00:00:00,2021-06-30 00:00:00,2021-09-30 00:00:00,Company_Name
Sales,1011.44,908.36,998.63,898.16,828.27,989.29,1211.2,1676.54,1025.0,1151.82,GAEL
Expenses,955.48,863.38,898.07,817.96,752.41,879.15,1053.99,1487.09,857.32,1005.67,GAEL
Other Income,2.68,0.82,2.37,3.92,6.04,10.92,10.42,1.45,9.18,14.69,GAEL
Depreciation,25.1,25.55,25.36,24.77,27.29,26.76,25.6,23.6,25.77,23.58,GAEL
Interest,2.36,2.92,1.78,2.3,1.44,1.17,1.06,2.1,0.58,1.32,GAEL
Profit before tax,31.18,17.33,75.79,57.05,53.17,93.13,140.97,165.2,150.51,135.94,GAEL
Tax,8.5,2.78,21.63,2.6,15.84,20.26,31.45,46.78,36.68,32.77,GAEL
Net profit,22.68,14.55,54.16,54.45,37.33,72.87,109.52,118.42,113.83,103.17,GAEL
Operating Profit,55.96,44.98,100.56,80.2,75.86,110.14,157.21,189.45,167.68,146.15,GAEL
