Report Date,2019-06-30 00:00:00,2019-09-30 00:00:00,2019-12-31 00:00:00,2020-03-31 00:00:00,2020-06-30 00:00:00,2020-09-30 00:00:00,2020-12-31 00:00:00,2021-03-31 00:00:00,2021-06-30 00:00:00,2021-09-30 00:00:00,Company_Name
Sales,19.36,18.5,14.61,12.25,0.78,1.19,3.67,6.95,5.11,4.82,GAL
Expenses,21.86,22.31,18.06,15.42,2.61,5.9,9.6,76.34,5.22,5.0,GAL
Other Income,0.04,0.13,0.03,8.56,-87.38,-6.79,1.25,93.15,1.68,13.23,GAL
Depreciation,1.38,1.39,1.39,1.38,1.13,1.14,1.14,1.13,0.92,0.92,GAL
Interest,1.5,1.5,1.48,1.48,1.48,1.5,1.5,1.7,0.82,0.88,GAL
Profit before tax,-5.34,-6.57,-6.29,2.53,-91.82,-14.14,-7.32,20.93,-0.17,11.25,GAL
Tax,-0.49,-0.48,-0.49,-0.51,-0.46,-0.46,-0.45,-16.5,-0.24,6.06,GAL
Net profit,-4.85,-6.08,-5.8,3.04,-91.36,-13.68,-6.88,37.43,0.08,5.19,GAL
Operating Profit,-2.5,-3.81,-3.45,-3.17,-1.83,-4.71,-5.93,-69.39,-0.11,-0.18,GAL
