Report Date,2019-06-30 00:00:00,2019-09-30 00:00:00,2019-12-31 00:00:00,2020-03-31 00:00:00,2020-06-30 00:00:00,2020-09-30 00:00:00,2020-12-31 00:00:00,2021-03-31 00:00:00,2021-06-30 00:00:00,2021-09-30 00:00:00,Company_Name
Sales,470.67,446.25,442.2,434.0,359.76,489.56,454.35,526.83,554.82,624.65,GALAXYSURF
Expenses,398.15,378.2,373.16,362.48,302.7,397.73,381.86,455.12,496.76,578.72,GALAXYSURF
Other Income,-1.09,9.74,-4.66,1.37,2.27,-1.46,1.78,1.81,5.79,5.68,GALAXYSURF
Depreciation,9.39,9.74,10.8,9.96,10.28,10.69,10.77,18.06,10.88,10.75,GALAXYSURF
Interest,4.46,4.48,4.33,3.63,3.18,1.87,1.27,2.05,1.92,2.29,GALAXYSURF
Profit before tax,57.58,63.57,49.25,59.3,45.87,77.81,62.23,53.41,51.05,38.57,GALAXYSURF
Tax,20.53,0.7,12.74,13.55,11.69,20.02,15.75,14.0,12.93,9.89,GALAXYSURF
Net profit,37.05,62.87,36.51,45.75,34.18,57.79,46.48,39.41,38.12,28.68,GALAXYSURF
Operating Profit,72.52,68.05,69.04,71.52,57.06,91.83,72.49,71.71,58.06,45.93,GALAXYSURF
