Report Date,2019-06-30 00:00:00,2019-09-30 00:00:00,2019-12-31 00:00:00,2020-03-31 00:00:00,2020-06-30 00:00:00,2020-09-30 00:00:00,2020-12-31 00:00:00,2021-03-31 00:00:00,2021-06-30 00:00:00,2021-09-30 00:00:00,Company_Name
Sales,311.35,226.28,244.82,237.64,181.71,221.19,289.64,404.6,306.93,281.4,GALLISPAT
Expenses,275.31,223.05,232.6,224.73,150.5,202.36,235.29,351.46,261.75,262.27,GALLISPAT
Other Income,0.18,0.18,1.18,34.55,0.05,0.53,0.37,11.68,0.41,0.39,GALLISPAT
Depreciation,5.99,6.0,6.39,5.57,5.99,5.29,5.64,5.64,9.38,9.39,GALLISPAT
Interest,2.09,1.96,3.27,4.34,2.3,2.28,3.2,4.13,2.78,3.04,GALLISPAT
Profit before tax,28.14,-4.55,3.74,37.55,22.97,11.79,45.88,55.05,33.43,7.09,GALLISPAT
Tax,3.06,-0.56,1.1,3.16,6.38,1.42,11.58,12.65,7.92,-1.86,GALLISPAT
Net profit,25.08,-3.98,2.63,34.39,16.59,10.37,34.31,42.39,25.51,8.95,GALLISPAT
Operating Profit,36.04,3.23,12.22,12.91,31.21,18.83,54.35,53.14,45.18,19.13,GALLISPAT
