Report Date,2019-06-30 00:00:00,2019-09-30 00:00:00,2019-12-31 00:00:00,2020-03-31 00:00:00,2020-06-30 00:00:00,2020-09-30 00:00:00,2020-12-31 00:00:00,2021-03-31 00:00:00,2021-06-30 00:00:00,2021-09-30 00:00:00,Company_Name
Sales,64.71,45.11,40.74,49.8,8.95,30.08,36.24,55.47,52.54,50.37,GENCON
Expenses,56.38,37.51,33.79,43.52,13.69,25.01,31.59,43.38,46.25,44.33,GENCON
Other Income,0.11,0.25,0.17,0.35,0.28,0.18,0.27,0.44,0.56,0.48,GENCON
Depreciation,1.07,1.3,1.38,1.73,1.99,2.0,2.01,1.99,2.19,1.83,GENCON
Interest,0.78,1.74,1.67,1.08,1.52,1.37,1.35,1.78,1.72,1.9,GENCON
Profit before tax,6.59,4.81,4.07,3.82,-7.97,1.88,1.56,8.76,2.94,2.79,GENCON
Tax,1.95,1.59,1.25,-0.03,-0.65,-0.04,0.1,2.03,0.36,0.13,GENCON
Net profit,4.63,3.22,2.83,3.86,-7.32,1.92,1.45,6.73,2.58,2.66,GENCON
Operating Profit,8.33,7.6,6.95,6.28,-4.74,5.07,4.65,12.09,6.29,6.04,GENCON
