Report Date,2019-06-30 00:00:00,2019-09-30 00:00:00,2019-12-31 00:00:00,2020-03-31 00:00:00,2020-06-30 00:00:00,2020-09-30 00:00:00,2020-12-31 00:00:00,2021-03-31 00:00:00,2021-06-30 00:00:00,2021-09-30 00:00:00,Company_Name
Sales,589.7,610.81,861.06,809.19,905.47,599.04,592.21,577.4,626.94,722.96,GESHIP
Expenses,404.18,461.68,399.37,681.34,301.36,244.4,301.81,313.45,387.08,326.73,GESHIP
Other Income,-20.64,70.9,74.39,64.95,51.62,22.49,95.35,49.27,52.31,65.15,GESHIP
Depreciation,123.87,126.59,121.49,104.79,115.96,108.56,111.43,102.7,115.05,117.66,GESHIP
Interest,80.22,85.69,72.89,78.72,61.09,44.43,59.0,62.79,74.12,61.53,GESHIP
Profit before tax,-39.21,7.75,341.7,9.29,478.68,224.14,215.32,147.73,103.0,282.19,GESHIP
Tax,11.0,3.0,3.0,21.84,13.41,8.18,10.91,3.24,3.74,8.94,GESHIP
Net profit,-50.21,4.75,338.7,-12.55,465.27,215.96,204.41,144.49,99.26,273.25,GESHIP
Operating Profit,185.52,149.13,461.69,127.85,604.11,354.64,290.4,263.95,239.86,396.23,GESHIP
