Report Date,2019-06-30 00:00:00,2019-09-30 00:00:00,2019-12-31 00:00:00,2020-03-31 00:00:00,2020-06-30 00:00:00,2020-09-30 00:00:00,2020-12-31 00:00:00,2021-03-31 00:00:00,2021-06-30 00:00:00,2021-09-30 00:00:00,Company_Name
Sales,152.67,180.22,156.39,125.61,59.26,140.17,96.16,95.51,59.0,122.14,GILLANDERS
Expenses,147.04,159.77,148.25,145.41,61.83,101.56,96.41,104.22,56.21,97.78,GILLANDERS
Other Income,5.8,2.68,4.81,12.22,1.85,4.43,-14.46,14.95,6.64,3.32,GILLANDERS
Depreciation,3.92,4.0,4.06,3.7,3.35,2.96,3.26,2.38,2.18,2.31,GILLANDERS
Interest,10.95,11.01,9.74,10.34,9.89,8.33,7.52,5.92,5.37,5.19,GILLANDERS
Profit before tax,-3.44,8.12,-0.85,-21.62,-13.96,31.75,-25.49,-2.06,1.88,20.18,GILLANDERS
Tax,,,0.49,-0.49,,,,,,1.31,GILLANDERS
Net profit,-3.45,8.12,-1.34,-21.13,-13.95,31.75,-25.48,-2.06,1.88,18.88,GILLANDERS
Operating Profit,5.63,20.45,8.14,-19.8,-2.57,38.61,-0.25,-8.71,2.79,24.36,GILLANDERS
