Report Date,Unnamed: 1,2019-06-30 00:00:00,2019-12-31 00:00:00,2020-03-31 00:00:00,2020-06-30 00:00:00,2020-09-30 00:00:00,2020-12-31 00:00:00,2021-03-31 00:00:00,2021-06-30 00:00:00,2021-09-30 00:00:00,Company_Name
Sales,,674.46,645.94,635.24,884.21,831.5,859.42,887.75,1153.9,1080.47,GLAND
Expenses,,411.3,434.17,395.38,471.59,533.8,595.19,560.03,717.6,703.84,GLAND
Other Income,,33.81,25.29,46.2,32.08,20.35,35.13,47.21,61.84,51.2,GLAND
Depreciation,,22.35,24.23,24.08,24.23,24.66,24.97,24.92,25.28,26.11,GLAND
Interest,,0.3,5.68,0.47,0.47,0.76,1.16,1.02,1.0,1.02,GLAND
Profit before tax,,274.32,207.15,261.51,420.0,292.63,273.23,348.99,471.86,400.7,GLAND
Tax,,90.56,53.05,66.72,106.41,73.77,69.13,88.53,121.18,98.59,GLAND
Net profit,,183.77,154.1,194.79,313.59,218.86,204.11,260.45,350.68,302.12,GLAND
Operating Profit,,263.16,211.77,239.86,412.62,297.7,264.23,327.72,436.3,376.63,GLAND
