Report Date,2019-06-30 00:00:00,2019-09-30 00:00:00,2019-12-31 00:00:00,2020-03-31 00:00:00,2020-06-30 00:00:00,2020-09-30 00:00:00,2020-12-31 00:00:00,2021-03-31 00:00:00,2021-06-30 00:00:00,2021-09-30 00:00:00,Company_Name
Sales,312.34,227.93,261.7,353.13,298.59,283.78,362.53,503.71,353.56,428.4,GMRINFRA
Expenses,215.18,134.37,154.2,206.47,188.87,156.61,269.72,427.84,250.55,295.38,GMRINFRA
Other Income,-86.3,-44.09,-34.14,-818.04,-65.97,-128.13,-341.25,-242.01,71.58,525.48,GMRINFRA
Depreciation,6.0,6.01,5.89,5.62,5.48,5.37,5.45,5.2,5.05,4.94,GMRINFRA
Interest,223.6,273.74,290.12,105.47,275.63,209.14,175.22,230.71,156.13,171.01,GMRINFRA
Profit before tax,-218.74,-230.28,-222.65,-782.47,-237.36,-215.47,-429.11,-402.05,13.41,482.55,GMRINFRA
Tax,-3.69,-3.32,-2.92,34.91,-1.91,-1.3,-0.66,,,,GMRINFRA
Net profit,-215.05,-226.96,-219.73,-817.38,-235.45,-214.17,-428.45,-402.05,13.41,482.55,GMRINFRA
Operating Profit,97.16,93.56,107.5,146.66,109.72,127.17,92.81,75.87,103.01,133.02,GMRINFRA
