Report Date,2019-06-30 00:00:00,2019-09-30 00:00:00,2019-12-31 00:00:00,2020-03-31 00:00:00,2020-06-30 00:00:00,2020-09-30 00:00:00,2020-12-31 00:00:00,2021-03-31 00:00:00,2021-06-30 00:00:00,2021-09-30 00:00:00,Company_Name
Sales,1209.94,1332.35,1277.66,1342.47,700.23,1187.19,1508.24,1733.03,1394.32,2095.93,GNFC
Expenses,1113.78,1216.49,1110.64,1179.8,724.48,992.97,1145.29,1262.62,1001.23,1665.06,GNFC
Other Income,35.87,39.4,35.11,42.29,103.9,39.35,44.8,49.18,42.93,57.7,GNFC
Depreciation,64.16,67.02,66.9,66.25,66.03,68.09,69.7,68.48,69.72,70.89,GNFC
Interest,1.14,0.61,1.34,2.18,11.68,6.03,0.94,1.3,0.76,0.76,GNFC
Profit before tax,66.73,87.63,133.89,136.53,1.94,159.45,337.11,449.81,365.54,416.92,GNFC
Tax,0.3,5.77,22.1,-102.24,0.44,20.77,96.99,140.9,125.67,134.62,GNFC
Net profit,66.43,81.86,111.79,238.77,1.5,138.68,240.12,308.91,239.87,282.3,GNFC
Operating Profit,96.16,115.86,167.02,162.67,-24.25,194.22,362.95,470.41,393.09,430.87,GNFC
