Report Date,2019-06-30 00:00:00,2019-09-30 00:00:00,2019-12-31 00:00:00,2020-03-31 00:00:00,2020-06-30 00:00:00,2020-09-30 00:00:00,2020-12-31 00:00:00,2021-03-31 00:00:00,2021-06-30 00:00:00,2021-09-30 00:00:00,Company_Name
Sales,22.14,25.89,23.79,24.46,12.24,24.79,24.73,35.95,32.16,21.31,GOCLCORP
Expenses,24.51,27.96,24.25,25.57,17.19,27.38,26.68,30.85,29.36,22.41,GOCLCORP
Other Income,4.7,3.99,2.13,3.24,8.63,9.75,38.14,8.17,8.29,31.03,GOCLCORP
Depreciation,0.57,0.57,0.59,0.97,0.69,0.75,0.82,0.81,0.83,0.83,GOCLCORP
Interest,0.46,0.75,0.27,0.76,0.15,0.34,0.64,0.39,0.32,0.09,GOCLCORP
Profit before tax,1.3,0.6,0.81,0.4,2.84,6.07,34.73,12.07,9.94,29.01,GOCLCORP
Tax,0.29,0.15,0.21,0.13,0.72,1.39,1.76,2.79,2.9,1.91,GOCLCORP
Net profit,1.02,0.45,0.59,0.27,2.12,4.68,32.96,9.28,7.04,27.11,GOCLCORP
Operating Profit,-2.37,-2.07,-0.46,-1.11,-4.95,-2.59,-1.95,5.1,2.8,-1.1,GOCLCORP
