Report Date,2019-06-30 00:00:00,2019-09-30 00:00:00,2019-12-31 00:00:00,2020-03-31 00:00:00,2020-06-30 00:00:00,2020-09-30 00:00:00,2020-12-31 00:00:00,2021-03-31 00:00:00,2021-06-30 00:00:00,2021-09-30 00:00:00,Company_Name
Sales,610.06,418.93,275.25,781.12,52.27,57.48,72.83,387.84,30.38,114.25,GODREJPROP
Expenses,445.05,322.78,233.24,699.35,116.36,131.53,142.47,516.89,90.78,160.29,GODREJPROP
Other Income,100.87,131.69,143.09,149.67,150.43,171.27,167.45,181.85,200.02,226.03,GODREJPROP
Depreciation,3.8,4.03,4.25,4.59,3.66,4.03,4.14,4.38,4.22,4.33,GODREJPROP
Interest,65.39,71.06,71.57,63.54,63.08,62.49,57.02,51.93,55.12,55.98,GODREJPROP
Profit before tax,196.69,152.75,109.28,163.31,19.6,30.7,36.65,-3.51,80.28,119.68,GODREJPROP
Tax,66.69,56.31,41.13,71.73,15.53,19.78,28.29,62.65,23.59,30.43,GODREJPROP
Net profit,130.0,96.44,68.15,91.58,4.07,10.92,8.36,-66.16,56.69,89.25,GODREJPROP
Operating Profit,165.01,96.15,42.01,81.77,-64.09,-74.05,-69.64,-129.05,-60.4,-46.04,GODREJPROP
