Report Date,2019-06-30 00:00:00,2019-09-30 00:00:00,2019-12-31 00:00:00,2020-03-31 00:00:00,2020-06-30 00:00:00,2020-09-30 00:00:00,2020-12-31 00:00:00,2021-03-31 00:00:00,2021-06-30 00:00:00,2021-09-30 00:00:00,Company_Name
Sales,1252.25,1379.5,1333.21,1153.72,1128.48,1243.53,1077.2,963.83,1548.34,1689.85,GODREJAGRO
Expenses,1135.69,1271.81,1251.66,1037.96,1021.29,1120.02,1005.18,893.4,1398.61,1533.04,GODREJAGRO
Other Income,9.36,12.42,7.41,11.82,35.12,12.42,43.02,10.21,11.18,9.42,GODREJAGRO
Depreciation,19.01,19.69,20.12,21.03,19.81,21.71,21.61,21.96,22.95,22.76,GODREJAGRO
Interest,4.76,7.28,6.72,4.75,9.5,7.2,4.12,15.45,9.71,10.92,GODREJAGRO
Profit before tax,102.15,93.14,62.12,101.8,113.0,107.02,89.31,43.23,128.25,132.55,GODREJAGRO
Tax,33.84,-7.43,16.76,22.74,26.53,24.25,13.1,9.68,32.84,33.02,GODREJAGRO
Net profit,68.31,100.57,45.36,79.06,86.47,82.77,76.21,33.55,95.41,99.53,GODREJAGRO
Operating Profit,116.56,107.69,81.55,115.76,107.19,123.51,72.02,70.43,149.73,156.81,GODREJAGRO
