Report Date,2019-06-30 00:00:00,2019-09-30 00:00:00,2019-12-31 00:00:00,2020-03-31 00:00:00,2020-06-30 00:00:00,2020-09-30 00:00:00,2020-12-31 00:00:00,2021-03-31 00:00:00,2021-06-30 00:00:00,2021-09-30 00:00:00,Company_Name
Sales,1315.36,1521.28,1523.87,1113.94,1380.65,1679.19,1694.75,1499.74,1660.65,1838.14,GODREJCP
Expenses,1008.66,1124.14,1082.79,811.15,1004.49,1212.28,1222.91,1162.53,1228.8,1386.5,GODREJCP
Other Income,19.64,24.71,22.8,24.11,6.81,19.4,11.72,12.06,16.23,18.27,GODREJCP
Depreciation,19.03,20.28,21.28,20.78,20.19,20.98,20.62,21.59,21.0,21.42,GODREJCP
Interest,10.58,14.16,13.0,20.23,12.15,6.67,4.41,1.58,1.85,3.19,GODREJCP
Profit before tax,296.73,387.41,429.6,285.89,350.63,458.66,458.53,326.1,425.23,445.3,GODREJCP
Tax,56.67,52.84,64.69,45.54,78.97,108.06,107.15,75.4,99.86,89.04,GODREJCP
Net profit,240.06,334.57,364.91,240.35,271.66,350.6,351.38,250.7,325.37,356.26,GODREJCP
Operating Profit,306.7,397.14,441.08,302.79,376.16,466.91,471.84,337.21,431.85,451.64,GODREJCP
