Report Date,2019-06-30 00:00:00,2019-09-30 00:00:00,2019-12-31 00:00:00,2020-03-31 00:00:00,2020-06-30 00:00:00,2020-09-30 00:00:00,2020-12-31 00:00:00,2021-03-31 00:00:00,2021-06-30 00:00:00,2021-09-30 00:00:00,Company_Name
Sales,727.89,680.76,718.66,646.69,573.98,876.46,953.8,1236.64,1126.18,1246.7,GPIL
Expenses,600.65,569.18,622.75,541.41,477.64,676.54,674.44,768.25,553.05,831.14,GPIL
Other Income,1.1,0.4,1.07,0.32,0.88,0.51,63.67,3.14,0.88,2.52,GPIL
Depreciation,22.83,23.2,23.35,22.22,24.31,24.6,24.49,23.09,25.17,25.21,GPIL
Interest,40.53,39.75,37.98,35.4,33.75,31.55,25.98,18.71,10.64,3.51,GPIL
Profit before tax,64.98,49.03,35.65,47.98,39.16,144.28,292.56,429.73,538.2,389.36,GPIL
Tax,24.47,16.18,14.56,21.03,14.54,50.11,89.53,125.79,135.44,97.67,GPIL
Net profit,40.51,32.85,21.09,26.95,24.62,94.17,203.03,303.94,402.76,291.69,GPIL
Operating Profit,127.24,111.58,95.91,105.28,96.34,199.92,279.36,468.39,573.13,415.56,GPIL
