Report Date,2019-06-30 00:00:00,2019-09-30 00:00:00,2019-12-31 00:00:00,2020-03-31 00:00:00,2020-06-30 00:00:00,2020-09-30 00:00:00,2020-12-31 00:00:00,2021-03-31 00:00:00,2021-06-30 00:00:00,2021-09-30 00:00:00,Company_Name
Sales,476.84,490.02,494.67,359.58,147.1,288.21,436.75,457.0,214.41,283.98,GREAVESCOT
Expenses,415.58,430.88,417.5,329.02,168.76,270.75,382.95,409.67,220.42,279.51,GREAVESCOT
Other Income,7.42,11.27,7.55,-1.69,2.15,-29.32,-1.44,4.19,8.43,18.3,GREAVESCOT
Depreciation,12.26,14.33,11.16,14.42,11.76,12.42,12.2,12.03,10.92,10.89,GREAVESCOT
Interest,0.62,0.94,1.23,1.05,2.26,1.9,0.86,0.61,0.32,0.54,GREAVESCOT
Profit before tax,55.8,55.14,72.33,13.4,-33.53,-26.18,39.3,38.88,-8.82,11.34,GREAVESCOT
Tax,17.63,9.88,18.28,3.37,-9.33,-8.15,10.59,15.0,-2.35,3.0,GREAVESCOT
Net profit,38.17,45.26,54.05,10.03,-24.2,-18.03,28.71,23.88,-6.47,8.34,GREAVESCOT
Operating Profit,61.26,59.14,77.17,30.56,-21.66,17.46,53.8,47.33,-6.01,4.47,GREAVESCOT
