Report Date,2019-06-30 00:00:00,2019-09-30 00:00:00,2019-12-31 00:00:00,2020-03-31 00:00:00,2020-06-30 00:00:00,2020-09-30 00:00:00,2020-12-31 00:00:00,2021-03-31 00:00:00,2021-06-30 00:00:00,2021-09-30 00:00:00,Company_Name
Sales,16.28,29.51,24.33,12.27,14.39,51.09,28.3,16.5,10.91,37.09,GROBTEA
Expenses,13.12,15.77,22.09,25.3,10.21,17.78,21.82,30.45,9.94,22.48,GROBTEA
Other Income,0.09,0.18,0.27,0.13,0.1,0.07,0.22,0.53,0.35,0.33,GROBTEA
Depreciation,0.58,0.58,0.58,0.72,0.52,0.52,0.57,0.7,0.63,0.59,GROBTEA
Interest,0.39,0.44,0.27,0.38,0.3,0.17,0.03,0.11,0.18,0.16,GROBTEA
Profit before tax,2.28,12.9,1.66,-14.0,3.46,32.69,6.1,-14.23,0.51,14.19,GROBTEA
Tax,,,,1.19,,,,-0.01,,,GROBTEA
Net profit,2.27,12.9,1.66,-15.19,3.46,32.69,6.1,-14.22,0.51,14.2,GROBTEA
Operating Profit,3.16,13.74,2.24,-13.03,4.18,33.31,6.48,-13.95,0.97,14.61,GROBTEA
