Report Date,2019-06-30 00:00:00,2019-09-30 00:00:00,2019-12-31 00:00:00,2020-03-31 00:00:00,2020-06-30 00:00:00,2020-09-30 00:00:00,2020-12-31 00:00:00,2021-03-31 00:00:00,2021-06-30 00:00:00,2021-09-30 00:00:00,Company_Name
Sales,1707.7,2350.4,1716.94,1845.78,1613.82,2071.51,2086.47,1727.81,1872.67,2511.0,GSFC
Expenses,1560.46,2266.46,1774.72,1716.49,1521.65,1866.43,1969.42,1592.95,1668.43,2187.47,GSFC
Other Income,8.32,52.87,29.84,18.16,10.45,66.87,32.82,73.21,19.86,65.01,GSFC
Depreciation,41.47,42.0,43.37,43.37,43.66,44.32,44.26,44.21,44.29,44.83,GSFC
Interest,29.95,32.18,26.45,26.11,19.42,11.2,6.0,6.12,2.05,2.65,GSFC
Profit before tax,84.14,62.63,-97.76,77.97,39.54,216.43,99.61,157.74,177.76,341.06,GSFC
Tax,20.81,6.71,-24.63,25.38,7.73,45.6,16.58,25.74,40.0,114.9,GSFC
Net profit,63.33,55.92,-73.13,52.59,31.81,170.83,83.03,132.0,137.76,226.16,GSFC
Operating Profit,147.24,83.94,-57.78,129.29,92.17,205.08,117.05,134.86,204.24,323.53,GSFC
