Report Date,2019-06-30 00:00:00,2019-09-30 00:00:00,2019-12-31 00:00:00,2020-03-31 00:00:00,2020-06-30 00:00:00,2020-09-30 00:00:00,2020-12-31 00:00:00,2021-03-31 00:00:00,2021-06-30 00:00:00,2021-09-30 00:00:00,Company_Name
Sales,37.97,35.5,28.26,29.27,12.31,6.36,10.95,16.64,15.97,24.14,GTNTEX
Expenses,36.76,35.38,29.53,29.29,14.87,9.83,12.78,17.56,16.33,23.76,GTNTEX
Other Income,0.01,,0.11,0.01,0.05,0.02,0.06,-2.87,0.02,-0.12,GTNTEX
Depreciation,0.8,0.81,0.79,0.82,0.78,0.78,0.78,0.75,0.75,0.75,GTNTEX
Interest,2.33,2.3,2.18,1.77,2.1,2.06,2.51,2.33,2.82,2.88,GTNTEX
Profit before tax,-1.91,-2.99,-4.13,-2.6,-5.39,-6.29,-5.06,-6.87,-3.91,-3.37,GTNTEX
Tax,,,,-2.9,,,,12.39,,,GTNTEX
Net profit,-1.91,-2.99,-4.13,0.3,-5.39,-6.29,-5.06,-19.26,-3.91,-3.37,GTNTEX
Operating Profit,1.21,0.12,-1.27,-0.02,-2.56,-3.47,-1.83,-0.92,-0.36,0.38,GTNTEX
