Report Date,2019-06-30 00:00:00,2019-09-30 00:00:00,2019-12-31 00:00:00,2020-03-31 00:00:00,2020-06-30 00:00:00,2020-09-30 00:00:00,2020-12-31 00:00:00,2021-03-31 00:00:00,2021-06-30 00:00:00,2021-09-30 00:00:00,Company_Name
Sales,2712.66,2230.55,2269.87,2216.13,1479.12,2451.76,3165.85,3331.19,2598.2,3221.03,HAVELLS
Expenses,2434.58,1995.49,2000.9,1970.82,1348.26,2031.08,2657.78,2825.54,2245.09,2777.4,HAVELLS
Other Income,39.51,29.04,23.9,19.53,32.21,79.23,39.17,37.21,34.19,33.27,HAVELLS
Depreciation,46.99,53.17,55.25,62.5,60.4,59.09,64.38,64.99,61.58,62.34,HAVELLS
Interest,4.72,5.14,5.26,4.6,16.72,17.27,15.15,23.5,10.95,11.11,HAVELLS
Profit before tax,265.88,205.79,232.36,197.74,85.95,423.55,467.71,454.37,314.77,403.45,HAVELLS
Tax,89.81,25.48,32.89,20.52,22.61,98.65,118.58,152.1,80.47,101.89,HAVELLS
Net profit,176.07,180.31,199.47,177.22,63.34,324.9,349.13,302.27,234.3,301.56,HAVELLS
Operating Profit,278.08,235.06,268.97,245.31,130.86,420.68,508.07,505.65,353.11,443.63,HAVELLS
