Report Date,2019-06-30 00:00:00,2019-09-30 00:00:00,2019-12-31 00:00:00,2020-03-31 00:00:00,2020-06-30 00:00:00,2020-09-30 00:00:00,2020-12-31 00:00:00,2021-03-31 00:00:00,2021-06-30 00:00:00,2021-09-30 00:00:00,Company_Name
Sales,0.59,0.58,0.93,0.32,4.15,1.08,7.68,0.38,12.32,1.64,HBSL
Expenses,1.27,2.79,0.39,5.22,0.31,0.41,0.35,0.32,0.31,0.53,HBSL
Other Income,0.01,0.18,,,,,,0.06,,,HBSL
Depreciation,0.07,0.07,0.07,-0.03,0.04,0.04,0.04,0.04,0.04,0.04,HBSL
Interest,0.02,0.02,0.02,-0.01,0.01,0.01,0.01,0.01,,,HBSL
Profit before tax,-0.76,-2.12,0.45,-4.86,3.79,0.62,7.28,0.07,11.97,1.07,HBSL
Tax,0.01,,,,,,,-0.03,,0.48,HBSL
Net profit,-0.77,-2.12,0.44,-4.85,3.79,0.63,7.28,0.1,11.97,0.6,HBSL
Operating Profit,-0.68,-2.21,0.54,-4.9,3.84,0.67,7.33,0.06,12.01,1.11,HBSL
