Report Date,2019-06-30 00:00:00,2019-09-30 00:00:00,2019-12-31 00:00:00,2020-03-31 00:00:00,2020-06-30 00:00:00,2020-09-30 00:00:00,2020-12-31 00:00:00,2021-03-31 00:00:00,2021-06-30 00:00:00,2021-09-30 00:00:00,Company_Name
Sales,170.89,173.71,172.98,171.99,121.9,145.56,164.06,179.51,200.6,215.66,HCG
Expenses,140.24,141.73,141.5,149.13,108.8,128.41,141.79,156.39,169.73,178.27,HCG
Other Income,2.45,2.36,3.13,-27.97,3.41,5.56,-0.47,-139.75,4.53,126.96,HCG
Depreciation,17.72,18.36,20.74,22.59,21.85,21.85,21.63,21.25,20.97,21.3,HCG
Interest,18.79,21.0,21.41,21.79,22.99,13.09,14.0,12.78,12.5,10.35,HCG
Profit before tax,-3.41,-5.02,-7.54,-49.49,-28.33,-12.23,-13.83,-150.66,1.93,132.7,HCG
Tax,-1.4,-1.55,-3.27,-5.94,-9.6,-5.65,-0.82,2.56,0.53,38.8,HCG
Net profit,-2.01,-3.47,-4.27,-43.55,-18.73,-6.58,-13.01,-153.22,1.4,93.9,HCG
Operating Profit,30.65,31.98,31.48,22.86,13.1,17.15,22.27,23.12,30.87,37.39,HCG
