Report Date,2019-06-30 00:00:00,2019-09-30 00:00:00,2019-12-31 00:00:00,2020-03-31 00:00:00,2020-06-30 00:00:00,2020-09-30 00:00:00,2020-12-31 00:00:00,2021-03-31 00:00:00,2021-06-30 00:00:00,2021-09-30 00:00:00,Company_Name
Sales,1200.61,923.05,812.87,610.77,656.24,983.8,1188.89,1276.94,1108.2,1004.92,HFCL
Expenses,1039.51,796.26,722.25,562.06,586.78,880.22,1051.61,1117.71,947.85,869.28,HFCL
Other Income,3.2,3.54,8.16,6.04,2.65,8.32,11.26,5.93,4.7,3.33,HFCL
Depreciation,5.58,5.98,6.97,11.61,13.09,13.47,13.22,13.81,12.99,13.18,HFCL
Interest,22.84,23.57,17.71,25.98,31.54,36.58,38.03,42.1,42.01,31.96,HFCL
Profit before tax,135.88,100.78,74.1,17.16,27.48,61.85,97.29,109.25,110.05,93.83,HFCL
Tax,46.54,37.94,24.45,15.17,6.87,17.14,22.25,26.75,29.51,23.65,HFCL
Net profit,89.34,62.84,49.65,1.99,20.61,44.71,75.04,82.5,80.54,70.18,HFCL
Operating Profit,161.1,126.79,90.62,48.71,69.46,103.58,137.28,159.23,160.35,135.64,HFCL
