Report Date,2019-06-30 00:00:00,2019-09-30 00:00:00,2019-12-31 00:00:00,2020-03-31 00:00:00,2020-06-30 00:00:00,2020-09-30 00:00:00,2020-12-31 00:00:00,2021-03-31 00:00:00,2021-06-30 00:00:00,2021-09-30 00:00:00,Company_Name
Sales,443.37,291.99,287.72,297.72,374.48,347.82,391.53,452.06,605.23,422.41,HIL
Expenses,658.82,264.42,269.22,279.41,309.36,296.3,343.0,387.81,480.16,371.1,HIL
Other Income,9.51,14.59,6.93,12.53,8.73,54.09,7.98,4.76,7.61,6.52,HIL
Depreciation,12.04,12.27,12.26,12.59,12.19,12.37,12.34,12.27,12.59,12.84,HIL
Interest,7.74,7.63,8.42,7.38,8.46,4.54,3.15,2.54,1.41,0.97,HIL
Profit before tax,-225.72,22.26,4.75,10.87,53.2,88.7,41.02,54.2,118.68,44.02,HIL
Tax,21.98,-7.54,-0.14,1.91,15.33,9.86,10.53,13.65,29.84,11.14,HIL
Net profit,-247.7,29.8,4.89,8.96,37.87,78.84,30.49,40.55,88.84,32.88,HIL
Operating Profit,-215.45,27.57,18.5,18.31,65.12,51.52,48.53,64.25,125.07,51.31,HIL
