Report Date,2019-06-30 00:00:00,2019-09-30 00:00:00,2019-12-31 00:00:00,2020-03-31 00:00:00,2020-06-30 00:00:00,2020-09-30 00:00:00,2020-12-31 00:00:00,2021-03-31 00:00:00,2021-06-30 00:00:00,2021-09-30 00:00:00,Company_Name
Sales,49.85,42.87,43.76,41.57,30.52,44.51,51.27,58.29,49.25,50.4,HINDCOMPOS
Expenses,44.33,38.61,38.64,36.93,25.91,37.3,43.3,50.4,43.51,43.78,HINDCOMPOS
Other Income,0.09,0.24,0.09,0.07,0.09,6.08,0.01,,0.08,0.18,HINDCOMPOS
Depreciation,2.33,2.36,2.38,2.43,2.27,2.25,2.18,2.17,2.12,2.15,HINDCOMPOS
Interest,0.05,0.07,0.04,0.06,0.06,0.04,0.06,0.04,0.02,0.01,HINDCOMPOS
Profit before tax,3.23,2.07,2.79,2.22,2.37,11.0,5.74,5.68,3.68,4.64,HINDCOMPOS
Tax,-0.11,-0.48,-0.6,-0.53,0.02,3.02,0.56,0.2,0.21,0.99,HINDCOMPOS
Net profit,3.34,2.55,3.39,2.75,2.35,7.98,5.18,5.48,3.47,3.65,HINDCOMPOS
Operating Profit,5.52,4.26,5.12,4.64,4.61,7.21,7.97,7.89,5.74,6.62,HINDCOMPOS
