Report Date,2019-06-30 00:00:00,2019-09-30 00:00:00,2019-12-31 00:00:00,2020-03-31 00:00:00,2020-06-30 00:00:00,2020-09-30 00:00:00,2020-12-31 00:00:00,2021-03-31 00:00:00,2021-06-30 00:00:00,2021-09-30 00:00:00,Company_Name
Sales,31.93,25.1,37.1,41.77,16.94,29.88,32.56,52.08,31.62,46.23,ICEMAKE
Expenses,29.27,24.17,33.08,35.28,16.86,26.45,30.41,47.22,31.47,43.35,ICEMAKE
Other Income,0.13,0.15,0.21,0.29,0.17,0.18,0.15,0.64,0.19,0.18,ICEMAKE
Depreciation,0.91,0.96,1.02,1.02,0.85,0.85,0.89,0.93,0.8,0.69,ICEMAKE
Interest,0.27,0.56,0.62,0.45,0.38,0.44,0.54,0.3,0.25,0.39,ICEMAKE
Profit before tax,1.61,-0.44,2.59,5.31,-0.98,2.32,0.87,4.27,-0.71,1.98,ICEMAKE
Tax,0.44,-0.16,0.67,1.44,-0.04,0.4,0.37,1.24,-0.18,0.49,ICEMAKE
Net profit,1.16,-0.28,1.92,3.87,-0.95,1.91,0.5,3.04,-0.53,1.49,ICEMAKE
Operating Profit,2.66,0.93,4.02,6.49,0.08,3.43,2.15,4.86,0.15,2.88,ICEMAKE
