Report Date,2019-06-30 00:00:00,2019-09-30 00:00:00,2019-12-31 00:00:00,2020-03-31 00:00:00,2020-06-30 00:00:00,2020-09-30 00:00:00,2020-12-31 00:00:00,2021-03-31 00:00:00,2021-06-30 00:00:00,2021-09-30 00:00:00,Company_Name
Sales,476.97,566.16,608.72,400.25,323.07,719.75,791.36,718.31,783.74,750.62,ICIL
Expenses,407.51,486.12,530.79,362.7,286.46,592.11,646.84,607.26,608.86,625.0,ICIL
Other Income,,-94.27,-36.91,,,,,,,,ICIL
Depreciation,9.74,10.25,10.31,10.34,10.05,10.29,10.19,9.77,9.36,9.62,ICIL
Interest,8.36,11.09,9.6,7.88,4.95,4.67,6.79,10.52,10.7,10.86,ICIL
Profit before tax,51.36,-35.57,21.11,19.33,21.61,112.68,127.54,90.76,154.82,105.14,ICIL
Tax,17.73,-44.46,4.49,4.71,5.54,28.01,32.03,26.75,38.81,26.0,ICIL
Net profit,33.63,8.89,16.62,14.62,16.07,84.67,95.51,64.01,116.01,79.14,ICIL
Operating Profit,69.46,80.04,77.93,37.55,36.61,127.64,144.52,111.05,174.88,125.62,ICIL
