Report Date,2019-06-30 00:00:00,2019-09-30 00:00:00,2019-12-31 00:00:00,2020-03-31 00:00:00,2020-06-30 00:00:00,2020-09-30 00:00:00,2020-12-31 00:00:00,2021-03-31 00:00:00,2021-06-30 00:00:00,2021-09-30 00:00:00,Company_Name
Sales,142.16,119.02,121.42,116.01,128.39,166.71,179.2,174.77,160.42,197.93,IFGLEXPOR
Expenses,121.41,104.46,102.58,100.14,103.67,131.15,138.42,139.65,135.47,167.17,IFGLEXPOR
Other Income,1.31,3.25,1.78,1.74,1.49,0.87,2.43,1.98,2.73,3.61,IFGLEXPOR
Depreciation,9.75,9.77,9.67,10.18,9.6,10.2,9.45,10.04,9.45,9.63,IFGLEXPOR
Interest,0.92,0.72,0.71,0.61,0.59,0.71,0.48,0.58,0.69,0.83,IFGLEXPOR
Profit before tax,11.39,7.32,10.24,6.82,16.02,25.52,33.28,26.48,17.54,23.91,IFGLEXPOR
Tax,2.8,-0.28,2.96,0.56,4.08,6.37,8.62,37.39,4.15,7.27,IFGLEXPOR
Net profit,8.59,7.6,7.28,6.26,11.94,19.15,24.66,-10.91,13.39,16.64,IFGLEXPOR
Operating Profit,20.75,14.56,18.84,15.87,24.72,35.56,40.78,35.12,24.95,30.76,IFGLEXPOR
