Report Date,2019-06-30 00:00:00,2019-09-30 00:00:00,2019-12-31 00:00:00,2020-03-31 00:00:00,2020-06-30 00:00:00,2020-09-30 00:00:00,2020-12-31 00:00:00,2021-03-31 00:00:00,2021-06-30 00:00:00,2021-09-30 00:00:00,Company_Name
Sales,139.35,139.43,159.31,158.01,130.14,165.44,166.05,214.08,228.36,249.2,IIFLSEC
Expenses,92.18,83.26,95.51,94.84,91.57,110.05,115.8,156.94,144.44,164.51,IIFLSEC
Other Income,10.58,4.58,8.32,24.16,27.37,31.38,15.28,10.35,6.13,8.49,IIFLSEC
Depreciation,12.41,12.0,11.99,11.66,10.69,11.24,10.98,11.38,15.68,15.4,IIFLSEC
Interest,7.99,8.85,8.34,6.04,3.92,4.7,4.48,6.01,7.01,6.53,IIFLSEC
Profit before tax,37.35,39.9,51.79,69.63,51.33,70.83,50.07,50.1,67.36,71.25,IIFLSEC
Tax,12.48,19.38,13.24,10.95,12.31,13.79,13.16,10.23,14.42,18.62,IIFLSEC
Net profit,24.87,20.52,38.55,58.68,39.02,57.03,36.92,39.88,52.93,52.64,IIFLSEC
Operating Profit,47.17,56.17,63.8,63.17,38.57,55.39,50.25,57.14,83.92,84.69,IIFLSEC
