Report Date,2019-06-30 00:00:00,2019-09-30 00:00:00,2019-12-31 00:00:00,2020-03-31 00:00:00,2020-06-30 00:00:00,2020-09-30 00:00:00,2020-12-31 00:00:00,2021-03-31 00:00:00,2021-06-30 00:00:00,2021-09-30 00:00:00,Company_Name
Sales,138.6,121.66,139.21,119.11,62.18,132.1,162.98,160.56,115.71,162.78,IMPAL
Expenses,129.99,113.78,129.66,110.51,62.32,122.97,147.2,141.28,107.38,148.62,IMPAL
Other Income,4.04,9.88,4.17,8.31,6.2,5.35,4.66,6.1,2.75,4.87,IMPAL
Depreciation,0.24,0.25,0.26,0.27,0.21,0.21,0.21,0.21,0.19,0.19,IMPAL
Interest,,,,,0.03,,,,0.07,,IMPAL
Profit before tax,12.41,17.51,13.46,16.64,5.82,14.27,20.23,25.17,10.82,18.84,IMPAL
Tax,3.47,1.61,3.17,2.87,0.91,2.8,4.97,6.52,1.09,4.02,IMPAL
Net profit,8.94,15.91,10.28,13.77,4.91,11.47,15.26,18.65,9.73,14.82,IMPAL
Operating Profit,8.61,7.88,9.55,8.6,-0.14,9.13,15.78,19.28,8.33,14.16,IMPAL
