Report Date,2019-06-30 00:00:00,2019-09-30 00:00:00,2019-12-31 00:00:00,2020-03-31 00:00:00,2020-06-30 00:00:00,2020-09-30 00:00:00,2020-12-31 00:00:00,2021-03-31 00:00:00,2021-06-30 00:00:00,2021-09-30 00:00:00,Company_Name
Sales,12.51,13.78,11.12,13.88,6.97,10.93,12.4,15.01,12.02,13.54,INDIANCARD
Expenses,14.42,13.25,10.75,14.11,7.92,10.68,11.26,13.36,11.8,13.04,INDIANCARD
Other Income,0.56,1.28,2.11,0.87,0.48,0.28,1.47,1.06,0.27,0.43,INDIANCARD
Depreciation,0.93,0.94,1.01,1.07,0.89,0.91,0.95,1.12,0.99,1.01,INDIANCARD
Interest,0.64,0.72,0.69,0.74,0.61,0.33,0.3,0.47,0.57,0.36,INDIANCARD
Profit before tax,-2.92,0.15,0.78,-1.17,-1.97,-0.71,1.36,1.12,-1.07,-0.44,INDIANCARD
Tax,0.23,0.36,0.19,0.24,0.13,0.13,0.19,0.25,0.17,0.25,INDIANCARD
Net profit,-3.15,-0.21,0.59,-1.41,-2.1,-0.83,1.17,0.87,-1.24,-0.68,INDIANCARD
Operating Profit,-1.91,0.53,0.37,-0.23,-0.95,0.25,1.14,1.65,0.22,0.5,INDIANCARD
