Report Date,2019-06-30 00:00:00,2019-09-30 00:00:00,2019-12-31 00:00:00,2020-03-31 00:00:00,2020-06-30 00:00:00,2020-09-30 00:00:00,2020-12-31 00:00:00,2021-03-31 00:00:00,2021-06-30 00:00:00,2021-09-30 00:00:00,Company_Name
Sales,404.65,407.02,368.54,318.87,318.45,317.38,284.87,267.1,245.1,255.03,INDOSTAR
Expenses,119.48,135.89,167.74,678.96,83.46,91.67,106.99,444.52,158.91,71.97,INDOSTAR
Other Income,,,,,,5.19,0.14,0.14,0.5,0.21,INDOSTAR
Depreciation,6.74,6.89,6.94,7.67,7.37,8.45,7.76,7.91,7.66,8.31,INDOSTAR
Interest,225.18,202.98,194.85,193.42,181.54,182.3,174.68,153.73,134.47,131.7,INDOSTAR
Profit before tax,53.25,61.26,-0.99,-561.18,46.08,40.15,-4.42,-338.92,-55.44,43.26,INDOSTAR
Tax,18.63,15.4,-0.25,-141.36,2.87,12.35,-3.67,-27.19,-13.95,10.89,INDOSTAR
Net profit,34.62,45.86,-0.74,-419.82,43.21,27.8,-0.75,-311.73,-41.49,32.37,INDOSTAR
Operating Profit,285.17,271.13,200.8,-360.09,234.99,225.71,177.88,-177.42,86.19,183.06,INDOSTAR
