Report Date,2019-06-30 00:00:00,2019-09-30 00:00:00,2019-12-31 00:00:00,2020-03-31 00:00:00,2020-06-30 00:00:00,2020-09-30 00:00:00,2020-12-31 00:00:00,2021-03-31 00:00:00,2021-06-30 00:00:00,2021-09-30 00:00:00,Company_Name
Sales,203.69,216.14,210.43,200.5,94.22,141.09,180.01,198.07,202.92,232.89,INDRAMEDCO
Expenses,181.02,193.59,186.79,182.96,119.31,131.64,154.04,168.12,172.78,207.54,INDRAMEDCO
Other Income,0.3,0.15,0.08,0.15,0.2,0.12,0.12,0.23,0.23,0.47,INDRAMEDCO
Depreciation,8.07,8.28,8.38,8.24,8.21,8.29,8.4,8.43,8.79,8.72,INDRAMEDCO
Interest,1.7,1.53,1.45,1.24,0.72,0.85,0.85,0.92,0.95,0.87,INDRAMEDCO
Profit before tax,13.2,12.89,13.89,8.21,-33.82,0.43,16.84,20.83,20.63,16.23,INDRAMEDCO
Tax,4.68,-5.03,3.21,1.71,-8.63,-0.01,4.86,5.74,5.18,4.18,INDRAMEDCO
Net profit,8.53,17.93,10.68,6.5,-25.19,0.44,11.99,15.1,15.44,12.07,INDRAMEDCO
Operating Profit,22.67,22.55,23.64,17.54,-25.09,9.45,25.97,29.95,30.14,25.35,INDRAMEDCO
