Report Date,Unnamed: 1,2018-06-30 00:00:00,2018-09-30 00:00:00,2020-03-31 00:00:00,2020-06-30 00:00:00,2020-09-30 00:00:00,2020-12-31 00:00:00,2021-03-31 00:00:00,2021-06-30 00:00:00,2021-09-30 00:00:00,Company_Name
Sales,,14.84,16.07,18.19,5.65,24.38,28.15,29.72,19.39,34.35,IRISDOREME
Expenses,,12.05,13.14,15.23,4.79,18.51,23.4,24.41,15.18,27.63,IRISDOREME
Other Income,,0.01,0.06,0.06,0.06,0.25,0.02,0.02,0.18,0.02,IRISDOREME
Depreciation,,0.64,0.64,1.25,1.31,1.31,1.34,1.35,1.35,1.44,IRISDOREME
Interest,,0.51,0.45,0.79,0.88,0.87,0.69,0.57,0.62,0.59,IRISDOREME
Profit before tax,,1.65,1.9,0.98,-1.27,3.94,2.74,3.41,2.42,4.71,IRISDOREME
Tax,,0.47,0.58,0.26,,0.78,0.75,1.32,0.62,1.22,IRISDOREME
Net profit,,1.17,1.32,0.73,-1.27,3.16,1.99,2.09,1.8,3.49,IRISDOREME
Operating Profit,,2.79,2.93,2.96,0.86,5.87,4.75,5.31,4.21,6.72,IRISDOREME
