Report Date,2019-06-30 00:00:00,2019-09-30 00:00:00,2019-12-31 00:00:00,2020-03-31 00:00:00,2020-06-30 00:00:00,2020-09-30 00:00:00,2020-12-31 00:00:00,2021-03-31 00:00:00,2021-06-30 00:00:00,2021-09-30 00:00:00,Company_Name
Sales,160.95,419.5,827.95,650.48,165.01,433.97,496.88,1266.32,229.42,352.49,ITI
Expenses,188.61,376.31,763.25,585.3,224.86,511.49,487.51,1087.1,273.66,359.13,ITI
Other Income,9.65,10.76,150.87,12.43,8.82,77.66,10.16,64.74,12.0,10.34,ITI
Depreciation,10.84,10.0,11.55,9.49,10.52,11.45,10.83,9.04,10.61,14.53,ITI
Interest,32.19,36.76,35.77,35.94,40.74,44.73,40.5,33.63,45.09,44.95,ITI
Profit before tax,-61.04,7.19,168.25,32.18,-102.29,-56.04,-31.8,201.29,-87.94,-55.78,ITI
Tax,,,,,,,,,,,ITI
Net profit,-61.04,7.19,168.25,32.18,-102.29,-56.04,-31.8,201.29,-87.94,-55.78,ITI
Operating Profit,-27.66,43.19,64.7,65.18,-59.85,-77.52,9.37,179.22,-44.24,-6.64,ITI
