Report Date,2019-06-30 00:00:00,2019-09-30 00:00:00,2019-12-31 00:00:00,2020-03-31 00:00:00,2020-06-30 00:00:00,2020-09-30 00:00:00,2020-12-31 00:00:00,2021-03-31 00:00:00,2021-06-30 00:00:00,2021-09-30 00:00:00,Company_Name
Sales,68.3,54.71,49.39,56.36,20.47,60.93,90.23,118.05,77.39,148.84,IVP
Expenses,67.29,54.98,50.23,56.34,23.86,57.93,81.39,110.24,74.5,140.98,IVP
Other Income,0.62,0.72,0.55,0.38,0.47,0.63,0.66,0.69,1.0,0.83,IVP
Depreciation,1.05,1.26,1.28,1.26,1.27,1.27,1.28,1.25,1.26,1.28,IVP
Interest,2.96,2.97,2.41,1.83,1.84,1.79,1.59,1.74,2.27,2.44,IVP
Profit before tax,-2.38,-3.78,-3.98,-2.69,-6.03,0.57,6.63,5.51,0.36,4.97,IVP
Tax,-0.83,-0.95,-1.6,-0.83,-2.1,0.21,2.29,1.78,0.08,1.28,IVP
Net profit,-1.55,-2.83,-2.38,-1.86,-3.93,0.36,4.34,3.73,0.28,3.69,IVP
Operating Profit,1.01,-0.27,-0.84,0.02,-3.39,3.0,8.84,7.81,2.89,7.86,IVP
