Report Date,2019-06-30 00:00:00,2019-09-30 00:00:00,2019-12-31 00:00:00,2020-03-31 00:00:00,2020-06-30 00:00:00,2020-09-30 00:00:00,2020-12-31 00:00:00,2021-03-31 00:00:00,2021-06-30 00:00:00,2021-09-30 00:00:00,Company_Name
Sales,814.79,646.31,715.42,735.78,315.84,679.74,793.73,995.87,978.94,1049.59,JAIBALAJI
Expenses,786.61,649.38,706.08,734.58,357.29,656.71,738.0,937.81,912.53,996.8,JAIBALAJI
Other Income,2.6,23.61,21.22,2.15,0.72,0.52,4.35,5.24,0.52,0.83,JAIBALAJI
Depreciation,24.15,24.38,24.33,23.93,23.83,23.87,23.53,22.76,22.46,22.77,JAIBALAJI
Interest,25.02,27.97,24.88,24.91,22.19,22.16,22.79,20.89,21.97,23.8,JAIBALAJI
Profit before tax,-18.39,-31.81,-18.65,-45.49,-86.75,-22.48,13.76,19.65,22.5,7.05,JAIBALAJI
Tax,,,,,,,,,,,JAIBALAJI
Net profit,-18.38,-31.81,-18.65,-45.49,-86.75,-22.48,13.76,19.65,22.5,7.06,JAIBALAJI
Operating Profit,28.18,-3.07,9.34,1.2,-41.45,23.03,55.73,58.06,66.41,52.79,JAIBALAJI
