Report Date,2019-06-30 00:00:00,2019-09-30 00:00:00,2019-12-31 00:00:00,2020-03-31 00:00:00,2020-06-30 00:00:00,2020-09-30 00:00:00,2020-12-31 00:00:00,2021-03-31 00:00:00,2021-06-30 00:00:00,2021-09-30 00:00:00,Company_Name
Sales,520.39,484.09,467.04,475.21,129.08,517.35,580.48,738.67,545.68,755.89,JBMA
Expenses,462.11,423.9,410.3,420.22,136.94,455.91,516.17,655.34,489.12,678.21,JBMA
Other Income,3.89,4.53,3.29,3.69,1.45,3.2,3.88,4.5,3.87,5.58,JBMA
Depreciation,19.27,18.31,18.53,17.74,16.11,17.51,20.82,21.12,20.03,21.11,JBMA
Interest,16.72,16.35,15.58,15.62,12.59,13.69,14.8,15.56,18.29,19.93,JBMA
Profit before tax,26.18,30.06,25.92,25.32,-35.11,33.44,32.57,51.15,22.11,42.22,JBMA
Tax,9.15,10.51,9.48,8.86,-11.9,11.32,11.34,18.37,8.21,16.61,JBMA
Net profit,17.03,19.55,16.44,16.46,-23.21,22.12,21.23,32.78,13.9,25.61,JBMA
Operating Profit,58.28,60.19,56.74,54.99,-7.86,61.44,64.31,83.33,56.56,77.68,JBMA
