Report Date,2019-06-30 00:00:00,2019-09-30 00:00:00,2019-12-31 00:00:00,2020-03-31 00:00:00,2020-06-30 00:00:00,2020-09-30 00:00:00,2020-12-31 00:00:00,2021-03-31 00:00:00,2021-06-30 00:00:00,2021-09-30 00:00:00,Company_Name
Sales,95.06,102.42,127.67,121.09,141.38,154.79,114.3,154.9,168.16,197.48,JOCIL
Expenses,91.92,96.7,119.63,118.99,134.35,147.66,110.5,152.26,163.71,192.71,JOCIL
Other Income,1.12,1.42,0.67,2.39,0.25,0.49,0.47,0.1,0.35,0.21,JOCIL
Depreciation,1.3,1.49,1.58,1.54,1.38,1.39,1.42,1.42,1.67,1.69,JOCIL
Interest,0.24,0.21,0.21,0.36,0.19,0.18,0.26,0.25,0.04,0.05,JOCIL
Profit before tax,2.72,5.44,6.92,2.59,5.71,6.05,2.59,1.07,3.09,3.24,JOCIL
Tax,0.61,1.39,2.0,1.15,1.87,1.93,0.94,-2.91,0.77,0.82,JOCIL
Net profit,2.1,4.04,4.92,1.43,3.85,4.12,1.65,3.99,2.31,2.43,JOCIL
Operating Profit,3.14,5.72,8.04,2.1,7.03,7.13,3.8,2.64,4.45,4.77,JOCIL
