Report Date,2019-06-30 00:00:00,2019-09-30 00:00:00,2019-12-31 00:00:00,2020-03-31 00:00:00,2020-06-30 00:00:00,2020-09-30 00:00:00,2020-12-31 00:00:00,2021-03-31 00:00:00,2021-06-30 00:00:00,2021-09-30 00:00:00,Company_Name
Sales,1199.88,1022.63,1224.58,1172.04,671.71,763.52,901.85,2005.79,979.71,1021.64,JPASSOCIAT
Expenses,1141.63,1014.25,1110.0,1119.71,674.89,853.54,808.71,1286.83,936.62,1053.89,JPASSOCIAT
Other Income,72.26,113.18,-95.65,-0.01,53.42,-27.45,8.67,129.24,82.79,117.04,JPASSOCIAT
Depreciation,101.34,103.29,104.85,102.69,97.84,100.89,99.44,90.59,94.26,104.84,JPASSOCIAT
Interest,188.0,180.08,177.93,256.32,183.87,181.45,192.17,193.7,205.1,221.73,JPASSOCIAT
Profit before tax,-158.83,-161.81,-263.85,-306.69,-231.47,-399.81,-189.8,563.91,-173.48,-241.78,JPASSOCIAT
Tax,,,0.97,0.68,4.64,2.02,4.06,3.51,3.28,1.83,JPASSOCIAT
Net profit,-158.83,-161.81,-264.82,-307.37,-236.11,-401.83,-193.86,560.4,-176.76,-243.61,JPASSOCIAT
Operating Profit,58.25,8.38,114.58,52.33,-3.18,-90.02,93.14,718.96,43.09,-32.25,JPASSOCIAT
