Report Date,2019-06-30 00:00:00,2019-09-30 00:00:00,2019-12-31 00:00:00,2020-03-31 00:00:00,2020-06-30 00:00:00,2020-09-30 00:00:00,2020-12-31 00:00:00,2021-03-31 00:00:00,2021-06-30 00:00:00,2021-09-30 00:00:00,Company_Name
Sales,2147.28,1970.73,2191.36,2030.32,742.85,2076.42,2821.96,2758.47,2512.23,3415.09,JSLHISAR
Expenses,1910.21,1729.43,1981.68,1856.6,703.15,1828.32,2471.26,2394.4,2130.22,2913.86,JSLHISAR
Other Income,36.38,29.85,34.53,15.83,28.71,33.77,32.26,40.59,27.15,27.53,JSLHISAR
Depreciation,65.72,68.28,69.22,69.94,65.71,68.33,67.07,64.78,58.03,56.62,JSLHISAR
Interest,80.09,76.25,79.08,68.22,68.23,64.54,61.27,41.67,30.07,19.86,JSLHISAR
Profit before tax,127.64,126.62,95.91,51.39,-65.53,149.0,254.62,298.21,321.06,452.28,JSLHISAR
Tax,43.64,44.39,35.6,-42.4,-15.81,37.74,64.31,72.28,81.44,114.76,JSLHISAR
Net profit,84.0,82.23,60.31,93.79,-49.72,111.26,190.31,225.93,239.62,337.52,JSLHISAR
Operating Profit,237.07,241.3,209.68,173.72,39.7,248.1,350.7,364.07,382.01,501.23,JSLHISAR
