Report Date,2019-06-30 00:00:00,2019-09-30 00:00:00,2019-12-31 00:00:00,2020-03-31 00:00:00,2020-06-30 00:00:00,2020-09-30 00:00:00,2020-12-31 00:00:00,2021-03-31 00:00:00,2021-06-30 00:00:00,2021-09-30 00:00:00,Company_Name
Sales,789.82,757.54,801.18,791.36,753.95,760.75,828.94,365.86,20.26,20.03,JUBLPHARMA
Expenses,691.83,672.68,706.76,697.72,622.6,641.61,707.54,310.69,17.25,22.88,JUBLPHARMA
Other Income,5.94,79.08,3.82,82.69,8.98,12.89,12.21,13.8,4.11,106.08,JUBLPHARMA
Depreciation,23.66,25.45,28.49,29.8,29.53,29.59,29.85,11.0,1.52,1.54,JUBLPHARMA
Interest,32.95,32.29,34.79,36.17,39.72,27.21,22.77,12.1,7.11,7.57,JUBLPHARMA
Profit before tax,47.32,106.2,34.96,110.36,71.08,75.23,80.99,45.87,-1.51,94.12,JUBLPHARMA
Tax,15.06,-36.87,0.33,-0.82,19.04,12.6,16.34,10.71,-0.38,6.04,JUBLPHARMA
Net profit,32.26,143.07,34.63,111.18,52.04,62.63,64.65,35.16,-1.13,88.08,JUBLPHARMA
Operating Profit,97.99,84.86,94.42,93.64,131.35,119.14,121.4,55.17,3.01,-2.85,JUBLPHARMA
