Report Date,2019-06-30 00:00:00,2019-09-30 00:00:00,2019-12-31 00:00:00,2020-03-31 00:00:00,2020-06-30 00:00:00,2020-09-30 00:00:00,2020-12-31 00:00:00,2021-03-31 00:00:00,2021-06-30 00:00:00,2021-09-30 00:00:00,Company_Name
Sales,379.91,94.12,124.71,112.48,134.99,36.26,83.89,246.85,105.54,67.9,KOLTEPATIL
Expenses,253.91,91.08,109.54,110.53,142.3,45.99,85.07,199.95,82.23,66.44,KOLTEPATIL
Other Income,6.13,6.06,9.09,11.76,13.95,4.52,4.23,2.65,3.54,4.77,KOLTEPATIL
Depreciation,2.56,2.61,2.66,3.57,2.76,2.77,2.03,1.83,1.81,1.76,KOLTEPATIL
Interest,15.26,15.16,14.45,8.28,14.01,14.68,14.55,12.5,16.04,11.8,KOLTEPATIL
Profit before tax,114.31,-8.67,7.15,1.86,-10.13,-22.66,-13.53,35.22,9.0,-7.33,KOLTEPATIL
Tax,38.27,16.87,1.23,-5.92,-2.4,-5.81,-3.56,8.36,6.32,8.82,KOLTEPATIL
Net profit,76.04,-25.54,5.92,7.78,-7.73,-16.85,-9.97,26.86,2.68,-16.15,KOLTEPATIL
Operating Profit,126.0,3.04,15.17,1.95,-7.31,-9.73,-1.18,46.9,23.31,1.46,KOLTEPATIL
