Report Date,2019-06-30 00:00:00,2019-09-30 00:00:00,2019-12-31 00:00:00,2020-03-31 00:00:00,2020-06-30 00:00:00,2020-09-30 00:00:00,2020-12-31 00:00:00,2021-03-31 00:00:00,2021-06-30 00:00:00,2021-09-30 00:00:00,Company_Name
Sales,4.66,6.45,7.55,14.76,11.57,16.69,9.58,15.86,6.76,11.98,KREBSBIO
Expenses,9.67,11.59,12.0,18.79,15.87,19.79,15.23,20.38,13.29,19.76,KREBSBIO
Other Income,0.18,0.07,0.02,0.1,0.05,0.07,0.06,0.44,0.03,0.13,KREBSBIO
Depreciation,1.15,1.15,1.15,1.23,1.24,1.24,1.24,1.41,1.42,1.42,KREBSBIO
Interest,1.61,1.63,1.7,0.99,1.23,2.12,1.43,1.49,1.51,1.78,KREBSBIO
Profit before tax,-7.59,-7.85,-7.28,-6.15,-6.72,-6.39,-8.26,-6.98,-9.43,-10.85,KREBSBIO
Tax,,,,,,,,,,,KREBSBIO
Net profit,-7.59,-7.85,-7.28,-6.16,-6.72,-6.39,-8.26,-6.99,-9.42,-10.85,KREBSBIO
Operating Profit,-5.01,-5.14,-4.45,-4.03,-4.3,-3.1,-5.65,-4.52,-6.53,-7.78,KREBSBIO
