Report Date,2019-06-30 00:00:00,2019-09-30 00:00:00,2019-12-31 00:00:00,2020-03-31 00:00:00,2020-06-30 00:00:00,2020-09-30 00:00:00,2020-12-31 00:00:00,2021-03-31 00:00:00,2021-06-30 00:00:00,2021-09-30 00:00:00,Company_Name
Sales,38.98,40.41,39.29,48.59,54.6,54.69,53.99,39.1,36.07,34.11,LASA
Expenses,33.95,32.9,30.91,39.56,42.47,41.89,41.24,30.01,31.44,32.86,LASA
Other Income,0.09,0.04,0.03,0.06,0.03,,0.02,,0.01,-11.88,LASA
Depreciation,4.26,4.32,4.4,4.36,3.73,4.07,4.09,3.94,3.47,3.45,LASA
Interest,2.14,1.99,1.67,2.3,1.2,0.19,0.08,0.03,0.03,,LASA
Profit before tax,-1.28,1.24,2.34,2.43,7.23,8.54,8.6,5.12,1.14,-14.08,LASA
Tax,-0.2,1.69,-0.23,-0.15,1.85,1.49,2.05,1.32,0.34,-0.34,LASA
Net profit,-1.08,-0.45,2.58,2.58,5.37,7.05,6.56,3.8,0.81,-13.74,LASA
Operating Profit,5.03,7.51,8.38,9.03,12.13,12.8,12.75,9.09,4.63,1.25,LASA
