Report Date,2019-06-30 00:00:00,2019-09-30 00:00:00,2019-12-31 00:00:00,2020-03-31 00:00:00,2020-06-30 00:00:00,2020-09-30 00:00:00,2020-12-31 00:00:00,2021-03-31 00:00:00,2021-06-30 00:00:00,2021-09-30 00:00:00,Company_Name
Sales,452.32,411.41,315.2,391.17,170.52,379.29,476.71,663.12,436.04,792.42,LAXMIMACH
Expenses,440.31,400.24,312.19,393.81,197.16,365.6,438.12,620.0,430.41,725.04,LAXMIMACH
Other Income,21.21,24.08,20.29,25.96,16.36,8.81,21.23,10.67,1.91,15.52,LAXMIMACH
Depreciation,12.33,12.83,12.6,12.5,12.7,12.91,13.08,12.88,13.38,13.8,LAXMIMACH
Interest,0.21,0.11,0.01,0.09,,0.01,0.01,0.05,,0.01,LAXMIMACH
Profit before tax,20.68,22.31,10.69,10.73,-22.98,9.58,46.73,40.86,-5.84,69.09,LAXMIMACH
Tax,6.62,4.88,4.2,3.71,-3.8,1.65,13.36,15.54,3.4,22.28,LAXMIMACH
Net profit,14.06,17.43,6.49,7.02,-19.17,7.93,33.38,25.33,-9.24,46.81,LAXMIMACH
Operating Profit,12.01,11.17,3.01,-2.64,-26.64,13.69,38.59,43.12,5.63,67.38,LAXMIMACH
