Report Date,2019-06-30 00:00:00,2019-09-30 00:00:00,2019-12-31 00:00:00,2020-03-31 00:00:00,2020-06-30 00:00:00,2020-09-30 00:00:00,2020-12-31 00:00:00,2021-03-31 00:00:00,2021-06-30 00:00:00,2021-09-30 00:00:00,Company_Name
Sales,64.78,66.85,75.89,62.05,11.87,17.29,20.37,30.39,12.53,33.27,LEMONTREE
Expenses,43.16,43.96,40.26,36.8,12.22,14.03,14.89,23.07,14.35,21.78,LEMONTREE
Other Income,0.7,0.71,2.02,0.23,1.83,1.53,0.34,-5.59,0.43,0.13,LEMONTREE
Depreciation,6.04,5.66,4.86,5.14,5.6,5.65,5.64,5.63,5.35,5.36,LEMONTREE
Interest,11.89,10.63,12.65,11.55,11.43,11.06,11.65,11.04,11.06,11.29,LEMONTREE
Profit before tax,4.39,7.31,20.14,8.79,-15.55,-11.92,-11.47,-14.94,-17.8,-5.03,LEMONTREE
Tax,1.27,1.13,4.92,1.12,-4.56,-3.46,-3.39,-1.73,-5.2,-1.44,LEMONTREE
Net profit,3.11,6.19,15.22,7.68,-10.99,-8.45,-8.08,-13.21,-12.6,-3.59,LEMONTREE
Operating Profit,21.62,22.89,35.63,25.25,-0.35,3.26,5.48,7.32,-1.82,11.49,LEMONTREE
