Report Date,2019-06-30 00:00:00,2019-09-30 00:00:00,2019-12-31 00:00:00,2020-03-31 00:00:00,2020-06-30 00:00:00,2020-09-30 00:00:00,2020-12-31 00:00:00,2021-03-31 00:00:00,2021-06-30 00:00:00,2021-09-30 00:00:00,Company_Name
Sales,0.59,0.34,1.21,1.21,4.74,2.78,5.35,2.16,4.1,4.15,LFIC
Expenses,1.21,1.64,0.37,9.76,0.34,0.4,0.37,0.27,0.38,0.38,LFIC
Other Income,0.14,0.14,0.14,0.16,0.15,0.11,0.1,0.11,0.11,0.11,LFIC
Depreciation,0.03,0.03,0.03,0.03,0.03,0.03,0.03,0.03,0.04,0.04,LFIC
Interest,0.01,0.01,,,,,,,0.01,0.01,LFIC
Profit before tax,-0.52,-1.2,0.95,-8.42,4.52,2.46,5.05,1.97,3.78,3.83,LFIC
Tax,,,,-2.62,1.37,1.14,0.05,2.29,0.83,0.72,LFIC
Net profit,-0.52,-1.21,0.95,-5.8,3.15,1.32,5.0,-0.32,2.96,3.12,LFIC
Operating Profit,-0.62,-1.3,0.84,-8.55,4.4,2.38,4.98,1.89,3.72,3.77,LFIC
