Report Date,Unnamed: 1,2016-12-31 00:00:00,2017-12-31 00:00:00,2020-03-31 00:00:00,2020-06-30 00:00:00,2020-09-30 00:00:00,2020-12-31 00:00:00,2021-03-31 00:00:00,2021-06-30 00:00:00,2021-09-30 00:00:00,Company_Name
Sales,,3719.01,3930.33,1735.08,238.62,575.31,765.61,2720.15,1514.38,1959.95,LODHA
Expenses,,3058.43,3036.88,1506.98,360.54,515.68,611.4,1826.82,1159.45,1618.16,LODHA
Other Income,,-12.72,18.32,-64.26,29.9,-416.96,41.74,31.61,48.79,19.69,LODHA
Depreciation,,288.61,276.03,85.26,13.86,14.63,15.0,13.8,12.08,11.96,LODHA
Interest,,108.9,66.0,187.7,170.97,223.84,200.28,222.8,148.08,70.15,LODHA
Profit before tax,,250.35,569.74,-109.12,-276.85,-595.8,-19.33,688.34,243.56,279.37,LODHA
Tax,,113.68,194.27,-48.56,-98.0,-208.56,-0.08,288.71,62.83,72.07,LODHA
Net profit,,136.67,375.48,-60.56,-178.85,-387.24,-19.25,399.63,180.73,207.3,LODHA
Operating Profit,,660.58,893.45,228.1,-121.92,59.63,154.21,893.33,354.93,341.79,LODHA
