Report Date,2019-06-30 00:00:00,2019-09-30 00:00:00,2019-12-31 00:00:00,2020-03-31 00:00:00,2020-06-30 00:00:00,2020-09-30 00:00:00,2020-12-31 00:00:00,2021-03-31 00:00:00,2021-06-30 00:00:00,2021-09-30 00:00:00,Company_Name
Sales,9.18,4.02,4.44,3.05,0.3,3.13,3.37,1.61,2.17,1.02,LYPSAGEMS
Expenses,9.2,3.92,4.33,3.02,0.29,3.02,3.19,1.82,2.09,0.93,LYPSAGEMS
Other Income,,,,-0.01,,,,0.09,,,LYPSAGEMS
Depreciation,0.09,0.09,0.09,0.08,0.09,0.09,0.08,0.07,0.07,0.07,LYPSAGEMS
Interest,-0.16,,,,,,,,,,LYPSAGEMS
Profit before tax,0.05,0.01,0.02,-0.06,-0.08,0.02,0.1,-0.19,0.01,0.02,LYPSAGEMS
Tax,,,,0.02,,,,0.01,,,LYPSAGEMS
Net profit,0.05,0.01,0.02,-0.08,-0.09,0.01,0.1,-0.2,0.02,0.02,LYPSAGEMS
Operating Profit,-0.02,0.1,0.11,0.03,0.01,0.11,0.18,-0.21,0.08,0.09,LYPSAGEMS
