Report Date,2019-06-30 00:00:00,2019-09-30 00:00:00,2019-12-31 00:00:00,2020-03-31 00:00:00,2020-06-30 00:00:00,2020-09-30 00:00:00,2020-12-31 00:00:00,2021-03-31 00:00:00,2021-06-30 00:00:00,2021-09-30 00:00:00,Company_Name
Sales,37.82,312.69,480.85,445.23,213.16,416.9,441.87,460.11,494.85,382.17,MADRASFERT
Expenses,103.47,333.05,446.24,422.95,219.72,383.35,406.68,397.83,442.81,367.95,MADRASFERT
Other Income,1.94,0.96,1.0,23.98,1.21,1.22,1.99,3.6,0.89,1.99,MADRASFERT
Depreciation,5.5,5.5,5.5,15.08,7.02,7.02,7.02,10.08,8.13,8.13,MADRASFERT
Interest,18.14,21.77,28.21,24.32,21.69,23.32,24.25,29.21,19.95,19.51,MADRASFERT
Profit before tax,-87.35,-46.67,1.9,6.86,-34.06,4.43,5.91,26.59,24.85,-11.43,MADRASFERT
Tax,,,,,,,,,,,MADRASFERT
Net profit,-87.35,-46.67,1.9,6.86,-34.06,4.43,5.91,26.59,24.85,-11.43,MADRASFERT
Operating Profit,-65.65,-20.36,34.61,22.28,-6.56,33.55,35.19,62.28,52.04,14.22,MADRASFERT
