Report Date,2019-06-30 00:00:00,2019-09-30 00:00:00,2019-12-31 00:00:00,2020-03-31 00:00:00,2020-06-30 00:00:00,2020-09-30 00:00:00,2020-12-31 00:00:00,2021-03-31 00:00:00,2021-06-30 00:00:00,2021-09-30 00:00:00,Company_Name
Sales,53.63,64.98,82.7,82.66,46.56,55.38,80.73,71.54,38.63,55.69,MAHEPC
Expenses,49.34,57.76,71.29,68.72,42.96,48.98,70.55,65.77,42.28,55.16,MAHEPC
Other Income,0.09,0.17,0.41,0.65,1.61,0.21,0.25,1.02,-0.65,-0.11,MAHEPC
Depreciation,0.87,0.88,0.89,1.16,0.75,0.78,0.76,0.79,0.79,0.79,MAHEPC
Interest,0.34,0.65,0.44,0.55,0.07,0.08,0.1,0.4,0.28,0.65,MAHEPC
Profit before tax,3.17,5.86,10.49,12.88,4.39,5.75,9.57,5.6,-5.37,-1.02,MAHEPC
Tax,0.98,2.1,2.72,3.31,1.14,1.5,1.92,1.55,-1.5,,MAHEPC
Net profit,2.18,3.76,7.77,9.57,3.25,4.25,7.65,4.04,-3.87,-1.02,MAHEPC
Operating Profit,4.29,7.22,11.41,13.94,3.6,6.4,10.18,5.77,-3.65,0.53,MAHEPC
