Report Date,2019-06-30 00:00:00,2019-09-30 00:00:00,2019-12-31 00:00:00,2020-03-31 00:00:00,2020-06-30 00:00:00,2020-09-30 00:00:00,2020-12-31 00:00:00,2021-03-31 00:00:00,2021-06-30 00:00:00,2021-09-30 00:00:00,Company_Name
Sales,83.57,271.49,33.81,51.01,3.8,8.82,35.51,41.51,140.29,6.5,MAHLIFE
Expenses,86.59,260.89,61.12,95.51,23.63,28.48,64.89,78.74,164.87,35.21,MAHLIFE
Other Income,15.52,21.48,16.57,-210.07,7.38,31.32,6.64,1.41,5.46,26.43,MAHLIFE
Depreciation,1.85,1.8,1.83,1.78,1.75,1.68,1.62,1.6,1.42,1.31,MAHLIFE
Interest,0.36,0.48,0.23,0.77,1.91,0.76,0.89,0.11,0.61,1.61,MAHLIFE
Profit before tax,10.29,29.8,-12.8,-257.12,-16.11,9.22,-25.25,-37.53,-21.15,-5.2,MAHLIFE
Tax,0.61,-0.02,-0.57,-3.84,-4.03,2.47,-6.77,-9.09,-5.73,-0.9,MAHLIFE
Net profit,9.68,29.82,-12.23,-253.28,-12.08,6.75,-18.48,-28.44,-15.42,-4.3,MAHLIFE
Operating Profit,-3.02,10.6,-27.31,-44.5,-19.83,-19.66,-29.38,-37.23,-24.58,-28.71,MAHLIFE
