Report Date,2019-06-30 00:00:00,2019-09-30 00:00:00,2019-12-31 00:00:00,2020-03-31 00:00:00,2020-06-30 00:00:00,2020-09-30 00:00:00,2020-12-31 00:00:00,2021-03-31 00:00:00,2021-06-30 00:00:00,2021-09-30 00:00:00,Company_Name
Sales,690.31,788.1,560.42,578.01,456.73,578.32,544.44,645.59,606.01,811.39,MAHSEAMLES
Expenses,536.38,622.24,444.04,462.76,354.86,447.86,457.25,518.68,488.31,687.38,MAHSEAMLES
Other Income,18.24,19.59,14.96,-452.1,25.0,27.51,22.84,-175.7,31.47,31.7,MAHSEAMLES
Depreciation,19.46,19.65,19.73,19.91,26.28,26.54,26.52,26.05,26.68,25.92,MAHSEAMLES
Interest,13.14,12.46,11.52,10.81,13.12,12.53,11.97,10.39,9.38,9.76,MAHSEAMLES
Profit before tax,139.57,153.34,100.09,-367.57,87.47,118.9,71.54,-85.23,113.11,120.03,MAHSEAMLES
Tax,48.15,-42.96,24.04,16.88,21.44,28.63,2.83,-1.81,10.19,27.3,MAHSEAMLES
Net profit,91.42,196.3,76.05,-384.45,66.03,90.27,68.71,-83.42,102.92,92.73,MAHSEAMLES
Operating Profit,153.93,165.86,116.38,115.25,101.87,130.46,87.19,126.91,117.7,124.01,MAHSEAMLES
