Report Date,2019-06-30 00:00:00,2019-09-30 00:00:00,2019-12-31 00:00:00,2020-03-31 00:00:00,2020-06-30 00:00:00,2020-09-30 00:00:00,2020-12-31 00:00:00,2021-03-31 00:00:00,2021-06-30 00:00:00,2021-09-30 00:00:00,Company_Name
Sales,321.27,233.78,400.41,391.78,400.41,368.96,344.76,354.79,360.33,336.12,MAWANASUG
Expenses,286.51,254.57,391.08,340.89,386.77,383.74,345.42,274.31,347.42,338.27,MAWANASUG
Other Income,2.48,4.62,1.75,1.17,1.23,0.94,0.68,107.85,4.13,-1.98,MAWANASUG
Depreciation,17.17,15.91,16.25,14.05,11.65,12.13,12.02,11.77,9.5,9.62,MAWANASUG
Interest,9.25,4.79,4.98,6.43,6.65,10.22,9.11,9.19,6.06,8.09,MAWANASUG
Profit before tax,10.82,-36.87,-10.15,31.58,-3.43,-36.19,-21.11,167.37,1.48,-21.84,MAWANASUG
Tax,4.03,-12.79,-3.45,87.28,-0.33,-8.18,,40.75,-0.35,-4.71,MAWANASUG
Net profit,6.79,-24.08,-6.7,-55.7,-3.11,-28.02,-21.11,126.62,1.83,-17.13,MAWANASUG
Operating Profit,34.76,-20.79,9.33,50.89,13.64,-14.78,-0.66,80.48,12.91,-2.15,MAWANASUG
