Report Date,Unnamed: 1,2019-09-30 00:00:00,2019-12-31 00:00:00,2020-03-31 00:00:00,2020-06-30 00:00:00,2020-09-30 00:00:00,2020-12-31 00:00:00,2021-03-31 00:00:00,2021-06-30 00:00:00,2021-09-30 00:00:00,Company_Name
Sales,,18.27,17.2,9.64,71.92,281.93,346.13,330.8,500.21,449.95,MAXHEALTH
Expenses,,10.86,13.74,24.67,78.52,229.99,283.39,277.98,376.45,346.17,MAXHEALTH
Other Income,,13.48,17.2,23.78,-185.95,31.47,25.27,25.05,27.16,28.16,MAXHEALTH
Depreciation,,0.72,0.75,0.93,10.34,34.4,23.82,22.19,24.53,25.1,MAXHEALTH
Interest,,15.37,21.21,19.36,23.89,34.02,29.5,25.04,11.41,11.02,MAXHEALTH
Profit before tax,,4.8,-1.3,-11.54,-226.78,14.99,34.69,30.64,114.98,95.82,MAXHEALTH
Tax,,-0.06,,-0.14,-9.57,1.02,3.14,23.4,27.06,22.57,MAXHEALTH
Net profit,,4.86,-1.3,-11.4,-217.21,13.97,31.55,7.24,87.92,73.25,MAXHEALTH
Operating Profit,,7.41,3.46,-15.03,-6.6,51.94,62.74,52.82,123.76,103.78,MAXHEALTH
