Report Date,2019-06-30 00:00:00,2019-09-30 00:00:00,2019-12-31 00:00:00,2020-03-31 00:00:00,2020-06-30 00:00:00,2020-09-30 00:00:00,2020-12-31 00:00:00,2021-03-31 00:00:00,2021-06-30 00:00:00,2021-09-30 00:00:00,Company_Name
Sales,16.55,9.37,6.88,32.4,11.21,7.59,7.43,7.43,7.78,8.2,MAXIND
Expenses,22.42,10.4,10.65,9.25,7.89,6.34,6.89,4.83,7.37,4.91,MAXIND
Other Income,0.09,0.21,-112.89,0.18,-4.92,0.89,0.82,-4.28,0.22,0.13,MAXIND
Depreciation,0.44,0.7,0.92,0.78,0.72,0.73,0.67,0.56,0.55,0.56,MAXIND
Interest,,,,0.05,0.02,0.03,0.07,0.04,0.04,0.04,MAXIND
Profit before tax,-6.22,-1.52,-117.58,22.5,-2.34,1.38,0.62,-2.28,0.04,2.82,MAXIND
Tax,1.09,0.34,0.99,0.72,-7.43,1.02,0.64,-5.5,0.03,-0.17,MAXIND
Net profit,-7.31,-1.86,-118.57,21.78,5.09,0.36,-0.02,3.22,0.01,2.99,MAXIND
Operating Profit,-5.87,-1.03,-3.77,23.15,3.32,1.25,0.54,2.6,0.41,3.29,MAXIND
