Report Date,2019-06-30 00:00:00,2019-09-30 00:00:00,2019-12-31 00:00:00,2020-03-31 00:00:00,2020-06-30 00:00:00,2020-09-30 00:00:00,2020-12-31 00:00:00,2021-03-31 00:00:00,2021-06-30 00:00:00,2021-09-30 00:00:00,Company_Name
Sales,31.13,35.52,35.33,15.36,26.12,30.77,32.92,20.34,27.53,32.52,MEDICAMEQ
Expenses,26.12,29.82,29.89,13.75,22.21,25.22,27.66,15.46,21.49,26.3,MEDICAMEQ
Other Income,0.04,0.35,0.45,1.07,0.08,0.13,,0.54,0.08,0.48,MEDICAMEQ
Depreciation,0.57,0.62,0.64,0.67,0.69,0.7,0.71,0.41,1.33,1.35,MEDICAMEQ
Interest,0.16,0.21,0.19,,0.24,0.38,0.09,0.36,0.04,0.3,MEDICAMEQ
Profit before tax,4.32,5.22,5.06,2.01,3.06,4.6,4.46,4.65,4.75,5.05,MEDICAMEQ
Tax,1.04,1.38,1.38,0.55,0.94,1.38,1.44,0.5,0.59,0.83,MEDICAMEQ
Net profit,3.28,3.84,3.68,1.46,2.1,3.22,3.01,4.14,4.15,4.22,MEDICAMEQ
Operating Profit,5.01,5.7,5.44,1.61,3.91,5.55,5.26,4.88,6.04,6.22,MEDICAMEQ
