Report Date,2019-06-30 00:00:00,2019-09-30 00:00:00,2019-12-31 00:00:00,2020-03-31 00:00:00,2020-06-30 00:00:00,2020-09-30 00:00:00,2020-12-31 00:00:00,2021-03-31 00:00:00,2021-06-30 00:00:00,2021-09-30 00:00:00,Company_Name
Sales,196.13,8.82,80.18,229.8,9.24,53.68,19.31,243.11,157.49,14.29,MFSL
Expenses,23.91,35.21,17.63,31.87,30.59,12.69,11.04,138.96,19.27,8.86,MFSL
Other Income,0.07,0.02,0.01,,0.44,0.23,0.41,0.35,0.76,0.56,MFSL
Depreciation,0.69,0.74,0.9,7.56,0.93,0.81,0.98,1.08,0.99,0.83,MFSL
Interest,0.04,0.04,0.06,0.06,0.05,0.05,0.06,0.06,0.05,0.03,MFSL
Profit before tax,171.56,-27.15,61.6,190.31,-21.89,40.36,7.64,103.36,137.94,5.13,MFSL
Tax,,,,123.78,,2.48,,27.76,40.42,1.6,MFSL
Net profit,171.56,-27.15,61.6,66.53,-21.89,37.88,7.64,75.6,97.52,3.53,MFSL
Operating Profit,172.22,-26.39,62.55,197.93,-21.35,40.99,8.27,104.15,138.22,5.43,MFSL
