Report Date,2019-06-30 00:00:00,2019-09-30 00:00:00,2019-12-31 00:00:00,2020-03-31 00:00:00,2020-06-30 00:00:00,2020-09-30 00:00:00,2020-12-31 00:00:00,2021-03-31 00:00:00,2021-06-30 00:00:00,2021-09-30 00:00:00,Company_Name
Sales,1842.88,967.34,961.92,991.29,277.74,995.57,1126.9,1269.0,1113.87,1278.89,MOTHERSUMI
Expenses,1529.95,828.46,834.38,847.44,380.89,856.25,966.78,1094.71,988.54,1150.1,MOTHERSUMI
Other Income,16.12,118.75,117.31,381.5,11.88,96.62,185.89,192.84,146.79,356.04,MOTHERSUMI
Depreciation,61.9,52.24,51.2,79.22,50.27,50.31,48.6,49.08,49.57,49.86,MOTHERSUMI
Interest,17.43,3.07,12.52,-6.85,14.21,21.01,30.57,23.88,24.26,27.36,MOTHERSUMI
Profit before tax,249.72,202.32,181.13,452.98,-155.75,164.62,266.84,294.17,198.29,407.61,MOTHERSUMI
Tax,77.67,28.09,14.6,66.97,-30.46,12.76,17.59,49.29,17.75,29.91,MOTHERSUMI
Net profit,172.05,174.23,166.53,386.01,-125.29,151.86,249.25,244.88,180.54,377.7,MOTHERSUMI
Operating Profit,312.93,138.88,127.54,143.85,-103.15,139.32,160.12,174.29,125.33,128.79,MOTHERSUMI
