Report Date,2019-06-30 00:00:00,2019-09-30 00:00:00,2019-12-31 00:00:00,2020-03-31 00:00:00,2020-06-30 00:00:00,2020-09-30 00:00:00,2020-12-31 00:00:00,2021-03-31 00:00:00,2021-06-30 00:00:00,2021-09-30 00:00:00,Company_Name
Sales,241.79,263.85,251.6,265.03,204.74,307.7,296.63,324.04,313.85,324.44,NAVINFLUOR
Expenses,181.04,196.26,186.43,197.82,152.66,214.22,215.59,239.81,235.86,240.9,NAVINFLUOR
Other Income,6.36,8.66,11.04,5.28,35.61,8.81,10.4,85.94,7.63,8.54,NAVINFLUOR
Depreciation,7.45,7.71,8.32,10.25,9.87,10.01,10.13,10.65,10.92,10.97,NAVINFLUOR
Interest,0.42,0.3,0.4,0.49,0.23,0.3,0.29,0.6,0.4,0.28,NAVINFLUOR
Profit before tax,59.24,68.24,67.49,61.75,77.59,91.98,81.02,158.92,74.3,80.83,NAVINFLUOR
Tax,19.77,21.84,22.22,-206.93,26.03,24.65,22.33,37.29,17.87,18.74,NAVINFLUOR
Net profit,39.46,46.39,45.27,268.69,51.57,67.33,58.69,121.63,56.43,62.09,NAVINFLUOR
Operating Profit,60.75,67.59,65.17,67.21,52.08,93.48,81.04,84.23,77.99,83.54,NAVINFLUOR
