Report Date,2019-06-30 00:00:00,2019-09-30 00:00:00,2019-12-31 00:00:00,2020-03-31 00:00:00,2020-06-30 00:00:00,2020-09-30 00:00:00,2020-12-31 00:00:00,2021-03-31 00:00:00,2021-06-30 00:00:00,2021-09-30 00:00:00,Company_Name
Sales,286.36,194.0,210.64,246.87,260.91,348.08,369.49,405.2,403.01,415.4,NCLIND
Expenses,221.31,168.26,184.52,224.39,196.46,267.71,297.74,339.21,335.14,353.77,NCLIND
Other Income,1.54,0.19,-1.43,2.28,0.45,1.5,1.43,3.2,1.3,2.9,NCLIND
Depreciation,10.53,10.85,10.82,9.92,10.04,10.24,10.24,10.36,11.08,11.14,NCLIND
Interest,7.61,7.49,8.1,7.47,6.85,5.11,4.46,4.05,5.97,5.92,NCLIND
Profit before tax,48.45,7.59,5.77,7.37,48.01,66.52,58.48,54.78,52.12,47.47,NCLIND
Tax,19.44,-1.16,0.34,-0.28,16.06,23.62,16.87,22.54,17.65,16.29,NCLIND
Net profit,29.01,8.75,5.43,7.66,31.95,42.9,41.59,32.24,34.47,31.18,NCLIND
Operating Profit,65.05,25.74,26.12,22.48,64.45,80.37,71.75,65.99,67.87,61.63,NCLIND
