Report Date,2019-06-30 00:00:00,2019-09-30 00:00:00,2019-12-31 00:00:00,2020-03-31 00:00:00,2020-06-30 00:00:00,2020-09-30 00:00:00,2020-12-31 00:00:00,2021-03-31 00:00:00,2021-06-30 00:00:00,2021-09-30 00:00:00,Company_Name
Sales,579.55,570.5,652.51,560.61,388.43,427.73,377.98,348.75,384.46,364.57,NECLIFE
Expenses,517.76,523.21,595.87,508.01,371.7,396.26,345.22,319.51,348.82,337.11,NECLIFE
Other Income,2.13,1.19,0.58,0.11,0.52,0.53,0.66,-24.29,5.15,5.1,NECLIFE
Depreciation,16.4,13.77,15.23,15.36,15.05,15.09,15.1,15.01,14.28,14.15,NECLIFE
Interest,31.47,32.68,31.07,30.6,27.87,27.88,30.63,25.65,25.75,18.01,NECLIFE
Profit before tax,16.05,2.03,10.92,6.75,-25.67,-10.97,-12.31,-35.71,0.76,0.4,NECLIFE
Tax,2.54,0.14,2.05,0.95,-8.84,-3.66,-4.25,5.26,-1.3,-1.47,NECLIFE
Net profit,13.5,1.89,8.87,5.8,-16.82,-7.31,-8.06,-40.96,2.07,1.86,NECLIFE
Operating Profit,61.79,47.29,56.64,52.6,16.73,31.47,32.76,29.24,35.64,27.46,NECLIFE
