Report Date,2019-06-30 00:00:00,2019-09-30 00:00:00,2019-12-31 00:00:00,2020-03-31 00:00:00,2020-06-30 00:00:00,2020-09-30 00:00:00,2020-12-31 00:00:00,2021-03-31 00:00:00,2021-06-30 00:00:00,2021-09-30 00:00:00,Company_Name
Sales,558.39,596.69,559.25,525.02,237.51,350.16,490.76,575.51,535.99,622.01,NH
Expenses,489.54,515.21,497.89,481.57,333.04,396.04,456.2,499.77,508.63,552.91,NH
Other Income,6.71,6.44,5.13,7.43,49.67,13.6,6.02,7.21,5.95,11.97,NH
Depreciation,29.75,30.96,34.32,32.69,31.25,31.01,31.22,29.42,29.17,29.71,NH
Interest,13.42,12.96,11.83,10.91,11.18,11.1,10.7,10.49,9.77,9.75,NH
Profit before tax,32.39,44.0,20.34,7.28,-88.29,-74.39,-1.34,43.04,-5.63,41.61,NH
Tax,11.8,15.58,6.79,2.09,-31.08,-26.19,-0.48,15.44,-1.97,14.55,NH
Net profit,20.59,28.43,13.55,5.19,-57.2,-48.21,-0.86,27.6,-3.66,27.06,NH
Operating Profit,68.85,81.48,61.36,43.45,-95.53,-45.88,34.56,75.74,27.36,69.1,NH
