Report Date,2019-06-30 00:00:00,2019-09-30 00:00:00,2019-12-31 00:00:00,2020-03-31 00:00:00,2020-06-30 00:00:00,2020-09-30 00:00:00,2020-12-31 00:00:00,2021-03-31 00:00:00,2021-06-30 00:00:00,2021-09-30 00:00:00,Company_Name
Sales,94.93,1.61,0.47,0.44,0.4,0.44,0.41,1.58,0.78,0.71,NKIND
Expenses,95.32,1.11,0.42,1.34,0.29,0.13,0.19,0.33,0.26,0.34,NKIND
Other Income,0.85,,,,,,,,,,NKIND
Depreciation,1.42,1.43,1.43,1.43,1.21,1.23,1.22,1.2,1.08,1.09,NKIND
Interest,,,,,,,,,,,NKIND
Profit before tax,-0.96,-0.93,-1.38,-2.33,-1.1,-0.92,-1.0,0.05,-0.56,-0.72,NKIND
Tax,0.94,4.83,-1.21,-3.47,,-0.59,0.32,-0.37,-0.16,-0.21,NKIND
Net profit,-1.89,-5.76,-0.18,1.13,-1.11,-0.32,-1.32,0.43,-0.4,-0.51,NKIND
Operating Profit,-0.39,0.5,0.05,-0.9,0.11,0.31,0.22,1.25,0.52,0.37,NKIND
