Report Date,2019-06-30 00:00:00,2019-09-30 00:00:00,2019-12-31 00:00:00,2020-03-31 00:00:00,2020-06-30 00:00:00,2020-09-30 00:00:00,2020-12-31 00:00:00,2021-03-31 00:00:00,2021-06-30 00:00:00,2021-09-30 00:00:00,Company_Name
Sales,229.59,209.73,194.31,212.66,106.51,221.59,274.57,321.99,344.5,375.16,NOCIL
Expenses,173.44,161.84,158.62,175.94,98.58,190.12,237.34,271.69,271.54,325.71,NOCIL
Other Income,2.47,2.48,1.28,3.47,10.17,0.63,1.24,2.24,0.68,2.23,NOCIL
Depreciation,7.65,7.7,7.92,9.15,8.78,8.78,8.76,9.75,10.22,10.37,NOCIL
Interest,0.32,0.33,0.32,0.35,0.25,0.26,0.24,0.21,0.23,0.19,NOCIL
Profit before tax,50.65,42.34,28.73,30.69,9.07,23.06,29.47,42.58,63.19,41.12,NOCIL
Tax,17.96,-12.89,8.06,8.3,-2.69,6.42,7.39,6.57,16.11,10.61,NOCIL
Net profit,32.69,55.23,20.67,22.39,11.76,16.64,22.08,36.01,47.08,30.51,NOCIL
Operating Profit,56.15,47.89,35.69,36.72,7.93,31.47,37.23,50.3,72.96,49.45,NOCIL
