Report Date,2019-06-30 00:00:00,2019-09-30 00:00:00,2019-12-31 00:00:00,2020-03-31 00:00:00,2020-06-30 00:00:00,2020-09-30 00:00:00,2020-12-31 00:00:00,2021-03-31 00:00:00,2021-06-30 00:00:00,2021-09-30 00:00:00,Company_Name
Sales,934.63,848.92,835.6,906.36,1003.92,856.45,888.09,896.75,1041.16,956.69,OFSS
Expenses,424.15,387.63,377.1,406.03,398.84,353.51,367.17,369.29,400.69,409.92,OFSS
Other Income,37.89,34.68,51.81,44.79,37.93,22.83,26.67,29.06,27.96,16.26,OFSS
Depreciation,20.98,20.03,21.09,21.08,20.82,21.06,20.12,18.21,17.86,18.21,OFSS
Interest,1.75,1.67,1.59,3.01,1.36,1.24,1.19,1.02,1.04,0.98,OFSS
Profit before tax,525.64,474.27,487.63,521.03,620.83,503.47,526.28,537.29,649.53,543.84,OFSS
Tax,178.76,112.25,116.9,18.02,165.2,124.88,134.42,124.08,169.84,140.43,OFSS
Net profit,346.89,362.02,370.74,503.01,455.63,378.59,391.86,413.21,479.69,403.41,OFSS
Operating Profit,510.48,461.29,458.5,500.33,605.08,502.94,520.92,527.46,640.47,546.77,OFSS
