Report Date,2019-06-30 00:00:00,2019-09-30 00:00:00,2019-12-31 00:00:00,2020-03-31 00:00:00,2020-06-30 00:00:00,2020-09-30 00:00:00,2020-12-31 00:00:00,2021-03-31 00:00:00,2021-06-30 00:00:00,2021-09-30 00:00:00,Company_Name
Sales,63.25,37.65,28.59,57.58,36.34,40.46,43.82,107.56,50.5,69.08,OMINFRAL
Expenses,51.43,32.08,35.74,71.15,18.19,30.44,34.55,107.61,40.27,54.48,OMINFRAL
Other Income,3.36,0.54,6.68,43.19,2.05,1.23,1.5,8.97,1.42,12.01,OMINFRAL
Depreciation,2.21,1.86,1.8,3.31,2.05,2.08,2.04,2.19,1.64,1.8,OMINFRAL
Interest,5.86,5.2,2.73,9.05,7.28,8.46,1.97,3.98,3.62,7.16,OMINFRAL
Profit before tax,7.11,-0.95,-5.0,17.26,10.87,0.71,6.76,2.75,6.39,17.65,OMINFRAL
Tax,1.23,2.08,-2.36,-0.81,2.28,0.24,0.1,8.08,,2.3,OMINFRAL
Net profit,5.88,-3.04,-2.64,18.06,8.59,0.48,6.66,-5.33,6.4,15.36,OMINFRAL
Operating Profit,11.82,5.57,-7.15,-13.57,18.15,10.02,9.27,-0.05,10.23,14.6,OMINFRAL
