Report Date,2019-06-30 00:00:00,2019-09-30 00:00:00,2019-12-31 00:00:00,2020-03-31 00:00:00,2020-06-30 00:00:00,2020-09-30 00:00:00,2020-12-31 00:00:00,2021-03-31 00:00:00,2021-06-30 00:00:00,2021-09-30 00:00:00,Company_Name
Sales,0.35,0.8,0.8,1.5,0.65,0.66,0.69,0.67,0.7,0.75,ONELIFECAP
Expenses,0.96,0.59,1.12,2.88,1.07,1.12,1.15,1.12,1.28,1.41,ONELIFECAP
Other Income,0.29,0.78,0.77,1.12,0.64,0.69,0.65,0.58,0.68,0.76,ONELIFECAP
Depreciation,0.21,0.2,0.2,0.2,0.2,0.2,0.2,0.18,0.08,0.06,ONELIFECAP
Interest,,,,,,,,,,0.01,ONELIFECAP
Profit before tax,-0.53,0.79,0.25,-0.46,0.02,0.03,-0.01,-0.05,0.02,0.03,ONELIFECAP
Tax,0.04,0.03,0.03,-0.06,,,,,,,ONELIFECAP
Net profit,-0.56,0.76,0.23,-0.39,0.02,0.04,-0.01,-0.04,0.02,0.03,ONELIFECAP
Operating Profit,-0.61,0.21,-0.32,-1.38,-0.42,-0.46,-0.46,-0.45,-0.58,-0.66,ONELIFECAP
