Report Date,2019-06-30 00:00:00,2019-09-30 00:00:00,2019-12-31 00:00:00,2020-03-31 00:00:00,2020-06-30 00:00:00,2020-09-30 00:00:00,2020-12-31 00:00:00,2021-03-31 00:00:00,2021-06-30 00:00:00,2021-09-30 00:00:00,Company_Name
Sales,40.58,30.43,54.14,72.25,78.72,76.52,51.77,1.76,1.98,2.29,ORTINLAB
Expenses,39.13,31.03,54.53,67.03,77.17,72.71,49.61,1.55,1.61,2.0,ORTINLAB
Other Income,0.04,0.02,0.01,0.12,0.02,0.19,0.12,0.05,,0.04,ORTINLAB
Depreciation,0.44,0.51,0.52,0.49,0.51,0.5,0.53,0.07,0.07,0.07,ORTINLAB
Interest,0.69,0.74,0.79,0.98,0.7,1.06,0.86,0.19,0.18,0.19,ORTINLAB
Profit before tax,0.36,-1.83,-1.69,3.87,0.36,2.44,0.89,,0.12,0.07,ORTINLAB
Tax,0.1,-1.01,0.04,2.16,0.19,0.32,0.29,-0.81,0.03,0.02,ORTINLAB
Net profit,0.26,-0.82,-1.72,1.72,0.17,2.12,0.6,0.8,0.09,0.05,ORTINLAB
Operating Profit,1.45,-0.6,-0.39,5.22,1.55,3.81,2.16,0.21,0.37,0.29,ORTINLAB
