Report Date,2019-06-30 00:00:00,2019-09-30 00:00:00,2019-12-31 00:00:00,2020-03-31 00:00:00,2020-06-30 00:00:00,2020-09-30 00:00:00,2020-12-31 00:00:00,2021-03-31 00:00:00,2021-06-30 00:00:00,2021-09-30 00:00:00,Company_Name
Sales,616.18,627.53,623.09,524.47,422.35,485.16,462.0,422.22,425.6,520.23,PARAGMILK
Expenses,558.95,571.45,565.41,483.73,393.27,442.68,426.08,402.95,379.67,465.25,PARAGMILK
Other Income,1.31,1.25,0.76,-0.41,0.56,1.2,0.69,4.37,1.09,0.89,PARAGMILK
Depreciation,12.78,12.47,13.01,13.11,12.65,12.82,12.1,11.81,12.54,12.19,PARAGMILK
Interest,9.28,8.63,11.24,8.9,10.97,11.09,11.41,12.05,10.83,11.25,PARAGMILK
Profit before tax,36.48,36.23,34.19,18.32,6.02,19.77,13.1,-0.22,23.65,32.43,PARAGMILK
Tax,9.26,8.2,7.32,9.79,3.56,3.59,2.19,11.88,6.56,8.39,PARAGMILK
Net profit,27.22,28.02,26.86,8.53,2.47,16.18,10.91,-12.1,17.09,24.04,PARAGMILK
Operating Profit,57.23,56.08,57.68,40.74,29.08,42.48,35.92,19.27,45.93,54.98,PARAGMILK
