Report Date,2019-06-30 00:00:00,2019-09-30 00:00:00,2019-12-31 00:00:00,2020-03-31 00:00:00,2020-06-30 00:00:00,2020-09-30 00:00:00,2020-12-31 00:00:00,2021-03-31 00:00:00,2021-06-30 00:00:00,2021-09-30 00:00:00,Company_Name
Sales,534.73,579.32,532.07,451.54,162.43,393.04,411.21,549.86,458.05,493.16,PENIND
Expenses,483.41,534.38,486.76,425.37,178.41,362.93,379.19,505.58,420.09,457.47,PENIND
Other Income,3.47,8.04,4.2,4.58,2.58,1.93,4.63,28.63,2.99,3.37,PENIND
Depreciation,9.48,10.41,11.35,11.44,11.93,12.04,11.99,11.71,12.67,12.26,PENIND
Interest,19.92,22.61,22.62,18.25,19.68,19.79,21.92,18.07,18.26,17.2,PENIND
Profit before tax,25.39,19.96,15.54,1.06,-45.01,0.21,2.74,43.13,10.02,9.6,PENIND
Tax,9.04,-3.48,3.74,0.14,-11.32,0.11,0.62,10.77,2.51,2.51,PENIND
Net profit,16.35,23.44,11.8,0.92,-33.69,0.1,2.12,32.36,7.51,7.09,PENIND
Operating Profit,51.32,44.94,45.31,26.17,-15.98,30.11,32.02,44.28,37.96,35.69,PENIND
