Report Date,2019-06-30 00:00:00,2019-09-30 00:00:00,2019-12-31 00:00:00,2020-03-31 00:00:00,2020-06-30 00:00:00,2020-09-30 00:00:00,2020-12-31 00:00:00,2021-03-31 00:00:00,2021-06-30 00:00:00,2021-09-30 00:00:00,Company_Name
Sales,7580.62,8022.54,8210.66,9552.38,8757.67,9231.0,10083.91,9672.29,9325.61,9722.93,PFC
Expenses,276.46,854.49,315.79,1871.55,969.95,904.58,1405.92,1073.15,824.4,699.79,PFC
Other Income,4.68,1.75,0.96,0.2,16.75,0.95,1.87,2.13,0.44,36.29,PFC
Depreciation,1.72,2.02,2.46,2.9,1.94,2.4,3.16,3.67,2.8,3.59,PFC
Interest,5366.49,5439.13,5497.92,5550.32,5676.18,5829.42,5885.11,5803.78,5739.31,5672.41,PFC
Profit before tax,1940.63,1728.65,2395.45,2127.81,2126.35,2495.55,2791.59,2793.82,2759.54,3383.43,PFC
Tax,557.87,571.39,715.33,692.81,426.79,410.5,458.8,467.21,485.95,624.78,PFC
Net profit,1382.76,1157.26,1680.12,1435.0,1699.56,2085.05,2332.79,2326.61,2273.59,2758.65,PFC
Operating Profit,7304.16,7168.05,7894.87,7680.83,7787.72,8326.42,8677.99,8599.14,8501.21,9023.14,PFC
