Report Date,2019-06-30 00:00:00,2019-09-30 00:00:00,2019-12-31 00:00:00,2020-03-31 00:00:00,2020-06-30 00:00:00,2020-09-30 00:00:00,2020-12-31 00:00:00,2021-03-31 00:00:00,2021-06-30 00:00:00,2021-09-30 00:00:00,Company_Name
Sales,352.12,348.8,331.7,332.8,292.3,295.32,269.31,274.24,253.94,242.09,PFS
Expenses,72.14,44.39,33.63,93.92,48.32,51.5,51.94,137.43,26.0,27.62,PFS
Other Income,0.07,5.31,,0.08,5.81,2.66,0.09,0.33,,0.25,PFS
Depreciation,1.57,1.6,1.6,1.58,1.47,1.5,1.51,1.48,1.43,1.51,PFS
Interest,255.04,240.01,230.39,222.97,205.73,196.52,183.05,166.2,165.58,143.25,PFS
Profit before tax,23.44,68.11,66.08,14.41,42.59,48.46,32.9,-30.54,60.93,69.96,PFS
Tax,7.79,23.87,23.02,7.36,16.03,16.61,12.05,23.12,15.32,17.49,PFS
Net profit,15.64,44.24,43.06,7.05,26.56,31.85,20.85,-53.66,45.6,52.47,PFS
Operating Profit,279.98,304.41,298.07,238.88,243.98,243.82,217.37,136.81,227.94,214.47,PFS
