Report Date,2019-06-30 00:00:00,2019-09-30 00:00:00,2019-12-31 00:00:00,2020-03-31 00:00:00,2020-06-30 00:00:00,2020-09-30 00:00:00,2020-12-31 00:00:00,2021-03-31 00:00:00,2021-06-30 00:00:00,2021-09-30 00:00:00,Company_Name
Sales,172.8,144.33,140.03,182.25,36.85,152.82,183.97,329.57,137.48,199.31,PGEL
Expenses,161.86,135.97,132.9,169.21,39.7,139.87,168.63,305.25,128.23,185.99,PGEL
Other Income,0.32,0.41,0.53,-0.36,0.55,0.75,0.84,-0.33,0.41,1.17,PGEL
Depreciation,3.69,3.8,3.9,4.93,4.34,4.35,4.55,4.77,4.53,4.71,PGEL
Interest,3.4,3.42,3.43,4.51,4.43,4.58,4.63,4.79,4.21,4.36,PGEL
Profit before tax,4.17,1.55,0.33,3.24,-11.07,4.77,7.0,14.43,0.92,5.42,PGEL
Tax,,0.82,-0.27,6.16,-2.59,1.6,0.5,3.99,0.31,0.78,PGEL
Net profit,4.17,0.75,0.61,-2.91,-8.49,3.17,6.5,10.44,0.61,4.64,PGEL
Operating Profit,10.94,8.36,7.13,13.04,-2.85,12.95,15.34,24.32,9.25,13.32,PGEL
