Report Date,2019-06-30 00:00:00,2019-09-30 00:00:00,2019-12-31 00:00:00,2020-03-31 00:00:00,2020-06-30 00:00:00,2020-09-30 00:00:00,2020-12-31 00:00:00,2021-03-31 00:00:00,2021-06-30 00:00:00,2021-09-30 00:00:00,Company_Name
Sales,754.1,907.4,849.8,795.5,968.4,1070.6,1114.3,1122.9,1106.7,1251.7,PIIND
Expenses,602.7,715.5,664.2,626.7,750.7,803.6,842.9,893.9,861.8,965.7,PIIND
Other Income,12.3,10.6,19.7,5.3,4.0,31.4,38.9,39.0,26.5,26.7,PIIND
Depreciation,29.4,31.5,31.8,40.5,39.7,40.3,40.5,39.8,44.0,44.5,PIIND
Interest,2.6,2.2,4.5,8.7,9.6,7.8,6.5,4.2,3.3,3.2,PIIND
Profit before tax,131.7,168.8,169.0,124.9,172.4,250.3,263.3,224.0,224.1,265.0,PIIND
Tax,30.9,46.0,48.6,26.6,40.5,41.1,67.6,41.9,40.2,34.9,PIIND
Net profit,100.8,122.8,120.4,98.3,131.9,209.2,195.7,182.1,183.9,230.1,PIIND
Operating Profit,151.4,191.9,185.6,168.8,217.7,267.0,271.4,229.0,244.9,286.0,PIIND
