Report Date,2019-06-30 00:00:00,2019-09-30 00:00:00,2019-12-31 00:00:00,2020-03-31 00:00:00,2020-06-30 00:00:00,2020-09-30 00:00:00,2020-12-31 00:00:00,2021-03-31 00:00:00,2021-06-30 00:00:00,2021-09-30 00:00:00,Company_Name
Sales,174.22,150.53,144.72,140.55,103.17,142.45,160.05,171.68,153.25,171.39,PLASTIBLEN
Expenses,153.84,135.74,123.57,129.43,90.16,125.78,140.48,152.37,140.49,160.35,PLASTIBLEN
Other Income,0.59,0.23,0.26,1.55,0.75,0.56,0.75,1.45,1.77,1.21,PLASTIBLEN
Depreciation,2.97,3.0,7.06,4.03,3.89,4.01,4.11,3.87,4.16,4.01,PLASTIBLEN
Interest,1.46,-1.47,0.33,1.16,1.21,0.75,0.57,0.48,1.02,0.6,PLASTIBLEN
Profit before tax,16.54,13.49,14.02,7.48,8.66,12.47,15.64,16.41,9.35,7.64,PLASTIBLEN
Tax,5.06,4.16,2.63,2.52,2.43,4.84,4.27,4.3,2.6,2.13,PLASTIBLEN
Net profit,11.48,9.33,11.4,4.96,6.23,7.63,11.38,12.11,6.75,5.5,PLASTIBLEN
Operating Profit,20.38,14.79,21.15,11.12,13.01,16.67,19.57,19.31,12.76,11.04,PLASTIBLEN
