Report Date,2019-06-30 00:00:00,2019-09-30 00:00:00,2019-12-31 00:00:00,2020-03-31 00:00:00,2020-06-30 00:00:00,2020-09-30 00:00:00,2020-12-31 00:00:00,2021-03-31 00:00:00,2021-06-30 00:00:00,2021-09-30 00:00:00,Company_Name
Sales,96.9,95.39,87.48,76.9,36.1,60.55,83.13,80.92,60.36,75.72,PODDARMENT
Expenses,90.07,88.12,80.88,69.96,34.73,55.45,73.01,68.06,54.7,70.69,PODDARMENT
Other Income,0.52,0.83,1.37,1.69,1.59,0.7,1.26,0.09,1.35,1.22,PODDARMENT
Depreciation,0.72,0.74,0.72,0.74,0.53,0.53,0.54,0.52,0.49,0.52,PODDARMENT
Interest,0.09,0.06,0.07,0.08,0.07,0.08,0.05,0.08,0.1,0.11,PODDARMENT
Profit before tax,6.54,7.3,7.18,7.81,2.36,5.19,10.79,12.35,6.42,5.62,PODDARMENT
Tax,1.76,1.95,2.01,1.85,0.74,1.5,2.99,2.05,1.71,1.28,PODDARMENT
Net profit,4.77,5.36,5.17,5.95,1.62,3.68,7.81,10.3,4.72,4.34,PODDARMENT
Operating Profit,6.83,7.27,6.6,6.94,1.37,5.1,10.12,12.86,5.66,5.03,PODDARMENT
