Report Date,2019-06-30 00:00:00,2019-09-30 00:00:00,2019-12-31 00:00:00,2020-03-31 00:00:00,2020-06-30 00:00:00,2020-09-30 00:00:00,2020-12-31 00:00:00,2021-03-31 00:00:00,2021-06-30 00:00:00,2021-09-30 00:00:00,Company_Name
Sales,332.67,318.55,319.99,301.57,266.77,341.92,336.65,353.61,391.94,410.95,POLYPLEX
Expenses,291.95,289.1,279.1,262.4,228.47,270.24,279.34,300.35,348.46,367.81,POLYPLEX
Other Income,139.43,16.52,54.31,9.83,1.34,14.25,22.85,300.15,0.41,169.16,POLYPLEX
Depreciation,11.81,12.66,12.95,17.09,13.57,14.17,14.62,15.03,12.29,12.34,POLYPLEX
Interest,0.77,0.75,0.73,0.51,0.94,0.67,0.68,0.58,0.61,0.55,POLYPLEX
Profit before tax,167.57,32.56,81.52,31.4,25.13,71.09,64.86,337.8,30.99,199.41,POLYPLEX
Tax,35.1,11.81,22.64,13.68,7.6,15.28,11.55,11.06,8.89,11.01,POLYPLEX
Net profit,132.47,20.75,58.88,17.72,17.53,55.81,53.31,326.74,22.1,188.4,POLYPLEX
Operating Profit,40.72,29.45,40.89,39.17,38.3,71.68,57.31,53.26,43.48,43.14,POLYPLEX
