Report Date,2019-06-30 00:00:00,2019-09-30 00:00:00,2019-12-31 00:00:00,2020-03-31 00:00:00,2020-06-30 00:00:00,2020-09-30 00:00:00,2020-12-31 00:00:00,2021-03-31 00:00:00,2021-06-30 00:00:00,2021-09-30 00:00:00,Company_Name
Sales,186.11,250.32,261.25,244.17,91.51,208.37,289.44,499.22,333.67,462.65,PRAJIND
Expenses,173.36,234.02,235.76,220.02,105.67,198.15,254.07,429.26,303.8,425.52,PRAJIND
Other Income,7.78,6.61,5.48,0.24,4.44,3.77,3.51,4.98,4.48,5.91,PRAJIND
Depreciation,4.72,4.7,4.66,4.72,4.76,4.79,4.82,4.71,4.67,4.72,PRAJIND
Interest,0.63,0.59,0.61,0.61,0.62,0.59,0.57,0.55,0.51,0.48,PRAJIND
Profit before tax,15.18,17.62,25.7,19.06,-15.1,8.61,33.49,69.68,29.17,37.84,PRAJIND
Tax,2.48,1.56,3.98,4.81,-3.8,2.52,8.43,18.28,7.61,11.17,PRAJIND
Net profit,12.7,16.06,21.72,14.25,-11.3,6.09,25.06,51.4,21.56,26.67,PRAJIND
Operating Profit,12.75,16.3,25.49,24.15,-14.16,10.22,35.37,69.96,29.87,37.13,PRAJIND
