Report Date,2019-06-30 00:00:00,2019-09-30 00:00:00,2019-12-31 00:00:00,2020-03-31 00:00:00,2020-06-30 00:00:00,2020-09-30 00:00:00,2020-12-31 00:00:00,2021-03-31 00:00:00,2021-06-30 00:00:00,2021-09-30 00:00:00,Company_Name
Sales,1640.22,1830.9,2089.67,2179.44,1695.94,1766.64,1907.11,2113.72,2125.01,2273.86,QUESS
Expenses,1563.54,1755.15,2003.81,2084.19,1642.88,1726.14,1867.69,2179.55,2071.8,2272.15,QUESS
Other Income,16.37,15.3,9.11,-519.36,-7.12,15.95,8.12,2.16,18.65,-18.48,QUESS
Depreciation,16.39,17.16,17.11,14.92,14.75,13.68,12.61,11.47,10.66,10.07,QUESS
Interest,24.38,26.69,22.38,23.35,23.5,18.25,11.53,10.18,12.78,12.08,QUESS
Profit before tax,52.28,47.2,55.48,-462.38,7.69,24.52,23.4,-85.32,48.42,-38.92,QUESS
Tax,1.84,-10.48,-7.44,45.54,7.6,21.13,21.61,19.81,6.67,-2.57,QUESS
Net profit,50.44,57.67,62.92,-507.92,0.1,3.39,1.79,-105.13,41.75,-36.35,QUESS
Operating Profit,76.68,75.75,85.86,95.25,53.06,40.5,39.42,-65.83,53.21,1.71,QUESS
