Report Date,2019-06-30 00:00:00,2019-09-30 00:00:00,2019-12-31 00:00:00,2020-03-31 00:00:00,2020-06-30 00:00:00,2020-09-30 00:00:00,2020-12-31 00:00:00,2021-03-31 00:00:00,2021-06-30 00:00:00,2021-09-30 00:00:00,Company_Name
Sales,36.02,40.98,46.66,35.52,13.14,54.93,67.01,60.4,35.23,61.42,REMSONSIND
Expenses,33.59,37.4,43.01,33.76,14.97,52.21,62.53,55.79,35.29,57.59,REMSONSIND
Other Income,0.31,0.13,0.54,0.72,0.04,0.22,1.05,3.93,0.86,0.27,REMSONSIND
Depreciation,0.79,0.77,0.81,0.82,0.71,0.8,0.85,0.93,1.25,1.35,REMSONSIND
Interest,0.71,0.61,0.64,0.56,0.57,0.45,0.97,1.13,1.32,1.37,REMSONSIND
Profit before tax,1.24,2.33,2.74,1.1,-3.07,1.69,3.71,6.48,-1.77,1.38,REMSONSIND
Tax,0.36,0.69,0.69,0.34,-0.85,0.47,0.94,1.59,-0.37,0.34,REMSONSIND
Net profit,0.88,1.64,2.05,0.77,-2.23,1.22,2.77,4.89,-1.41,1.05,REMSONSIND
Operating Profit,2.43,3.58,3.65,1.76,-1.83,2.72,4.48,4.61,-0.06,3.83,REMSONSIND
