Report Date,2019-06-30 00:00:00,2019-09-30 00:00:00,2019-12-31 00:00:00,2020-03-31 00:00:00,2020-06-30 00:00:00,2020-09-30 00:00:00,2020-12-31 00:00:00,2021-03-31 00:00:00,2021-06-30 00:00:00,2021-09-30 00:00:00,Company_Name
Sales,122.76,124.21,99.7,87.39,44.71,110.02,103.42,108.09,66.37,107.28,RESPONIND
Expenses,95.75,92.39,77.09,80.81,46.84,92.04,80.68,94.39,50.4,87.31,RESPONIND
Other Income,2.09,1.23,6.79,7.08,2.48,0.5,1.7,2.59,4.52,2.77,RESPONIND
Depreciation,15.37,13.85,15.0,13.25,10.99,12.39,10.87,9.09,10.8,10.93,RESPONIND
Interest,1.69,1.9,6.5,10.78,2.52,-1.73,0.4,3.23,7.25,5.26,RESPONIND
Profit before tax,12.04,17.3,7.9,-10.37,-13.16,7.82,13.17,3.97,2.44,6.55,RESPONIND
Tax,4.78,-2.17,1.96,-2.42,-3.26,2.06,3.29,3.2,0.69,1.7,RESPONIND
Net profit,7.26,19.46,5.95,-7.95,-9.9,5.77,9.88,0.77,1.75,4.85,RESPONIND
Operating Profit,27.01,31.82,22.61,6.58,-2.13,17.98,22.74,13.7,15.97,19.97,RESPONIND
