Report Date,2019-06-30 00:00:00,2019-09-30 00:00:00,2019-12-31 00:00:00,2020-03-31 00:00:00,2020-06-30 00:00:00,2020-09-30 00:00:00,2020-12-31 00:00:00,2021-03-31 00:00:00,2021-06-30 00:00:00,2021-09-30 00:00:00,Company_Name
Sales,66.18,104.45,90.59,54.2,63.69,100.63,91.43,66.53,65.2,94.72,ROSSELLIND
Expenses,53.04,67.83,81.84,64.63,44.36,50.08,77.06,82.33,54.07,61.28,ROSSELLIND
Other Income,0.41,0.8,-0.81,2.66,0.32,-1.12,0.8,0.88,7.21,0.74,ROSSELLIND
Depreciation,2.32,2.35,2.18,2.19,2.24,3.35,3.32,3.02,3.03,3.22,ROSSELLIND
Interest,2.62,2.88,2.77,2.51,4.84,4.32,3.89,3.39,2.79,2.55,ROSSELLIND
Profit before tax,8.61,32.19,2.99,-12.47,12.57,41.76,7.96,-21.33,12.52,28.41,ROSSELLIND
Tax,1.39,4.02,1.02,6.34,3.45,2.25,0.8,1.55,1.22,3.26,ROSSELLIND
Net profit,7.22,28.17,1.97,-18.81,9.12,39.51,7.16,-22.88,11.3,25.15,ROSSELLIND
Operating Profit,13.14,36.62,8.75,-10.43,19.33,50.55,14.37,-15.8,11.13,33.44,ROSSELLIND
