Report Date,2019-06-30 00:00:00,2019-09-30 00:00:00,2019-12-31 00:00:00,2020-03-31 00:00:00,2020-06-30 00:00:00,2020-09-30 00:00:00,2020-12-31 00:00:00,2021-03-31 00:00:00,2021-06-30 00:00:00,2021-09-30 00:00:00,Company_Name
Sales,45.99,63.82,54.5,17.46,48.84,38.94,44.61,60.37,32.65,58.55,SADBHIN
Expenses,16.72,24.93,33.95,150.47,13.78,10.61,18.81,47.46,19.28,52.58,SADBHIN
Other Income,25.08,11.59,16.62,643.17,0.82,0.75,8.71,44.03,-54.88,2.13,SADBHIN
Depreciation,0.02,0.01,0.01,0.01,0.01,0.01,0.01,0.01,0.01,0.01,SADBHIN
Interest,51.28,55.89,60.04,46.08,26.69,27.86,32.79,40.31,40.94,34.47,SADBHIN
Profit before tax,3.05,-5.42,-22.88,464.07,9.18,1.21,1.71,16.62,-82.46,-26.38,SADBHIN
Tax,-0.94,-5.14,-1.42,69.69,2.68,0.44,0.44,3.29,-18.1,-7.98,SADBHIN
Net profit,3.99,-0.28,-21.47,394.37,6.51,0.77,1.28,13.34,-64.36,-18.4,SADBHIN
Operating Profit,29.27,38.89,20.55,-133.01,35.06,28.33,25.8,12.91,13.37,5.97,SADBHIN
