Report Date,2019-06-30 00:00:00,2019-09-30 00:00:00,2019-12-31 00:00:00,2020-03-31 00:00:00,2020-06-30 00:00:00,2020-09-30 00:00:00,2020-12-31 00:00:00,2021-03-31 00:00:00,2021-06-30 00:00:00,2021-09-30 00:00:00,Company_Name
Sales,837.64,565.11,440.04,408.87,229.69,412.21,556.01,425.71,262.83,262.48,SADBHAV
Expenses,733.05,495.54,385.19,358.43,210.24,362.4,482.36,357.25,238.67,227.29,SADBHAV
Other Income,4.14,6.35,34.36,21.12,15.08,31.4,13.27,14.15,19.45,31.08,SADBHAV
Depreciation,28.01,27.71,26.77,25.96,24.94,24.52,23.53,21.21,20.37,19.33,SADBHAV
Interest,27.31,20.65,49.82,29.44,37.68,53.79,48.16,49.88,42.08,46.35,SADBHAV
Profit before tax,53.41,27.56,12.62,16.16,-28.09,2.9,15.23,11.52,-18.84,0.59,SADBHAV
Tax,13.94,1.72,0.97,7.97,-1.52,-2.34,0.06,-35.7,-1.98,-3.74,SADBHAV
Net profit,39.46,25.85,11.66,8.18,-26.58,5.24,15.16,47.21,-16.86,4.34,SADBHAV
Operating Profit,104.59,69.57,54.85,50.44,19.45,49.81,73.65,68.46,24.16,35.19,SADBHAV
