Report Date,2019-06-30 00:00:00,2019-09-30 00:00:00,2019-12-31 00:00:00,2020-03-31 00:00:00,2020-06-30 00:00:00,2020-09-30 00:00:00,2020-12-31 00:00:00,2021-03-31 00:00:00,2021-06-30 00:00:00,2021-09-30 00:00:00,Company_Name
Sales,203.06,169.76,165.24,143.29,20.12,62.94,112.01,132.91,120.17,188.58,SAFARI
Expenses,182.39,152.8,145.51,130.19,39.19,68.28,106.64,119.52,113.04,170.52,SAFARI
Other Income,0.63,0.02,0.03,0.66,1.18,0.71,0.79,0.37,1.86,2.0,SAFARI
Depreciation,4.84,5.04,5.4,6.21,5.32,5.58,4.79,4.73,4.48,4.66,SAFARI
Interest,2.9,3.05,2.04,2.15,2.03,1.86,1.23,0.66,1.04,1.38,SAFARI
Profit before tax,13.56,8.89,12.32,5.4,-25.24,-12.07,0.14,8.37,3.47,14.02,SAFARI
Tax,4.94,0.87,3.16,0.67,-5.92,-3.11,-1.05,2.12,0.93,3.31,SAFARI
Net profit,8.62,8.01,9.15,4.73,-19.33,-8.96,1.19,6.25,2.54,10.71,SAFARI
Operating Profit,20.67,16.96,19.73,13.1,-19.07,-5.34,5.37,13.39,7.13,18.06,SAFARI
