Report Date,2019-06-30 00:00:00,2019-09-30 00:00:00,2019-12-31 00:00:00,2020-03-31 00:00:00,2020-06-30 00:00:00,2020-09-30 00:00:00,2020-12-31 00:00:00,2021-03-31 00:00:00,2021-06-30 00:00:00,2021-09-30 00:00:00,Company_Name
Sales,254.38,192.13,185.85,215.24,194.85,242.11,259.75,304.99,283.98,266.14,SAGCEM
Expenses,201.69,165.58,176.79,184.64,127.68,161.91,182.69,226.27,205.48,223.64,SAGCEM
Other Income,4.65,3.0,3.62,5.05,4.28,6.02,5.69,4.7,6.8,6.33,SAGCEM
Depreciation,12.12,13.43,14.58,14.94,13.9,14.09,14.2,14.01,13.31,13.6,SAGCEM
Interest,7.82,8.98,9.04,8.08,6.82,6.05,6.05,6.33,6.36,6.8,SAGCEM
Profit before tax,37.4,7.14,-10.94,12.63,50.73,66.08,62.5,63.08,65.63,28.43,SAGCEM
Tax,12.94,1.02,-6.5,4.04,16.74,22.06,20.59,21.04,22.27,8.92,SAGCEM
Net profit,24.46,6.12,-4.44,8.59,33.99,44.02,41.91,42.04,43.36,19.51,SAGCEM
Operating Profit,52.69,26.55,9.06,30.6,67.17,80.2,77.06,78.72,78.5,42.5,SAGCEM
