Report Date,2019-06-30 00:00:00,2019-09-30 00:00:00,2019-12-31 00:00:00,2020-03-31 00:00:00,2020-06-30 00:00:00,2020-09-30 00:00:00,2020-12-31 00:00:00,2021-03-31 00:00:00,2021-06-30 00:00:00,2021-09-30 00:00:00,Company_Name
Sales,30.23,29.1,25.45,37.07,24.94,52.94,70.97,81.27,141.45,164.37,SALONA
Expenses,27.26,27.06,23.49,35.51,23.12,50.1,66.15,75.99,133.58,153.32,SALONA
Other Income,,,0.01,0.07,,,0.05,0.07,0.01,0.07,SALONA
Depreciation,0.77,0.77,0.77,0.33,0.69,0.69,0.69,0.59,0.75,0.75,SALONA
Interest,1.18,1.1,0.85,0.93,0.9,0.65,1.01,1.91,1.47,1.86,SALONA
Profit before tax,1.02,0.17,0.35,0.37,0.23,1.5,3.17,2.85,5.66,8.51,SALONA
Tax,0.21,0.03,0.07,0.41,0.04,0.25,0.53,0.73,0.94,1.42,SALONA
Net profit,0.81,0.13,0.27,-0.04,0.2,1.25,2.65,2.11,4.72,7.09,SALONA
Operating Profit,2.97,2.04,1.96,1.56,1.82,2.84,4.82,5.28,7.87,11.05,SALONA
