Report Date,2019-06-30 00:00:00,2019-09-30 00:00:00,2019-12-31 00:00:00,2020-03-31 00:00:00,2020-06-30 00:00:00,2020-09-30 00:00:00,2020-12-31 00:00:00,2021-03-31 00:00:00,2021-06-30 00:00:00,2021-09-30 00:00:00,Company_Name
Sales,125.84,110.98,106.32,108.63,33.44,79.28,77.49,132.66,117.4,94.87,SALSTEEL
Expenses,123.47,93.49,102.48,106.58,34.55,81.48,72.8,112.37,109.95,89.0,SALSTEEL
Other Income,0.37,,,,,,,,,,SALSTEEL
Depreciation,1.88,1.88,1.88,1.88,1.9,1.89,2.7,2.53,2.29,2.29,SALSTEEL
Interest,0.39,0.37,0.29,0.46,0.09,0.05,,0.1,,,SALSTEEL
Profit before tax,0.47,15.24,1.67,-0.29,-3.1,-4.14,1.99,17.66,5.16,3.58,SALSTEEL
Tax,0.21,0.11,0.44,0.43,-2.74,-0.27,1.77,2.1,1.29,0.92,SALSTEEL
Net profit,0.26,15.13,1.23,-0.72,-0.36,-3.87,0.22,15.56,3.87,2.66,SALSTEEL
Operating Profit,2.37,17.49,3.84,2.05,-1.11,-2.2,4.69,20.29,7.45,5.87,SALSTEEL
