Report Date,2019-06-30 00:00:00,2019-09-30 00:00:00,2019-12-31 00:00:00,2020-03-31 00:00:00,2020-06-30 00:00:00,2020-09-30 00:00:00,2020-12-31 00:00:00,2021-03-31 00:00:00,2021-06-30 00:00:00,2021-09-30 00:00:00,Company_Name
Sales,162.14,137.79,134.71,132.3,95.68,149.8,170.44,189.69,148.98,194.81,SALZERELEC
Expenses,145.46,120.29,118.0,118.01,86.09,131.04,153.16,173.53,134.18,176.4,SALZERELEC
Other Income,0.67,0.26,0.1,-0.14,0.27,0.04,0.24,1.44,0.14,0.81,SALZERELEC
Depreciation,3.47,3.6,3.69,3.68,3.94,3.82,3.75,4.09,3.94,4.08,SALZERELEC
Interest,5.33,5.4,5.0,5.44,4.82,5.78,5.42,5.26,5.12,4.69,SALZERELEC
Profit before tax,8.55,8.76,8.12,5.03,1.1,9.2,8.35,8.25,5.88,10.45,SALZERELEC
Tax,2.75,2.82,2.61,-4.1,0.41,2.61,1.95,1.26,1.93,2.98,SALZERELEC
Net profit,5.8,5.94,5.51,9.14,0.69,6.59,6.41,6.99,3.95,7.46,SALZERELEC
Operating Profit,16.68,17.5,16.71,14.29,9.59,18.76,17.28,16.16,14.8,18.41,SALZERELEC
