Report Date,2019-06-30 00:00:00,2019-09-30 00:00:00,2019-12-31 00:00:00,2020-03-31 00:00:00,2020-06-30 00:00:00,2020-09-30 00:00:00,2020-12-31 00:00:00,2021-03-31 00:00:00,2021-06-30 00:00:00,2021-09-30 00:00:00,Company_Name
Sales,456.62,487.22,438.9,400.23,108.98,310.85,438.23,495.49,410.36,634.92,SANGAMIND
Expenses,419.96,447.69,396.98,357.0,125.14,287.02,396.37,421.66,360.97,561.58,SANGAMIND
Other Income,4.1,2.19,1.11,1.08,1.31,0.85,2.59,5.07,1.79,3.52,SANGAMIND
Depreciation,20.15,20.33,20.46,20.06,20.47,20.52,20.32,19.21,19.29,18.09,SANGAMIND
Interest,18.84,17.36,15.04,17.41,13.85,9.73,11.8,13.85,11.54,12.03,SANGAMIND
Profit before tax,1.77,4.03,7.53,6.84,-49.17,-5.57,12.33,45.84,20.35,46.74,SANGAMIND
Tax,0.69,0.86,1.77,3.55,-17.0,-1.5,4.84,11.71,7.13,16.94,SANGAMIND
Net profit,1.08,3.17,5.76,3.29,-32.17,-4.07,7.49,34.13,13.22,29.8,SANGAMIND
Operating Profit,36.66,39.53,41.92,43.23,-16.16,23.83,41.86,73.83,49.39,73.34,SANGAMIND
