Report Date,2019-06-30 00:00:00,2019-09-30 00:00:00,2019-12-31 00:00:00,2020-03-31 00:00:00,2020-06-30 00:00:00,2020-09-30 00:00:00,2020-12-31 00:00:00,2021-03-31 00:00:00,2021-06-30 00:00:00,2021-09-30 00:00:00,Company_Name
Sales,74.0,80.6,76.72,66.98,26.0,59.41,76.95,89.0,84.78,104.72,SARLAPOLY
Expenses,63.7,65.2,66.83,58.66,21.18,47.79,63.15,65.24,64.13,85.85,SARLAPOLY
Other Income,2.55,7.85,3.43,4.21,2.39,3.24,3.02,-20.18,2.08,7.91,SARLAPOLY
Depreciation,4.05,4.36,4.35,4.9,4.37,4.47,4.38,4.63,4.54,4.58,SARLAPOLY
Interest,1.67,1.75,1.69,2.33,1.76,2.25,1.57,0.78,1.24,0.63,SARLAPOLY
Profit before tax,7.13,17.14,7.28,5.3,1.08,8.14,10.87,-1.83,16.95,21.57,SARLAPOLY
Tax,-5.08,5.17,1.93,0.3,0.22,1.66,2.23,1.15,4.34,5.52,SARLAPOLY
Net profit,12.21,11.97,5.35,5.0,0.86,6.47,8.64,-2.99,12.61,16.06,SARLAPOLY
Operating Profit,10.3,15.4,9.89,8.32,4.82,11.62,13.8,23.76,20.65,18.87,SARLAPOLY
