Report Date,2019-06-30 00:00:00,2019-09-30 00:00:00,2019-12-31 00:00:00,2020-03-31 00:00:00,2020-06-30 00:00:00,2020-09-30 00:00:00,2020-12-31 00:00:00,2021-03-31 00:00:00,2021-06-30 00:00:00,2021-09-30 00:00:00,Company_Name
Sales,110.6,109.48,99.67,96.96,99.79,98.15,100.49,94.03,97.69,99.46,SASKEN
Expenses,88.47,89.53,75.31,76.31,67.81,71.09,68.29,62.82,67.76,65.94,SASKEN
Other Income,10.93,16.43,12.29,-0.41,9.16,5.0,11.98,-12.81,14.68,14.89,SASKEN
Depreciation,2.22,2.48,2.62,2.62,2.61,2.49,2.11,1.99,1.42,1.54,SASKEN
Interest,0.14,0.14,0.2,0.14,0.08,0.05,0.01,0.33,0.02,0.01,SASKEN
Profit before tax,30.7,33.76,33.83,17.48,38.45,29.52,42.06,16.08,43.17,46.86,SASKEN
Tax,9.69,6.75,10.06,6.96,9.91,5.55,9.15,8.89,7.21,7.86,SASKEN
Net profit,21.01,27.01,23.77,10.51,28.54,23.97,32.91,7.19,35.95,39.0,SASKEN
Operating Profit,22.13,19.95,24.36,20.65,31.98,27.06,32.2,31.21,29.93,33.52,SASKEN
