Report Date,2019-06-30 00:00:00,2019-09-30 00:00:00,2019-12-31 00:00:00,2020-03-31 00:00:00,2020-06-30 00:00:00,2020-09-30 00:00:00,2020-12-31 00:00:00,2021-03-31 00:00:00,2021-06-30 00:00:00,2021-09-30 00:00:00,Company_Name
Sales,2068.29,2296.07,2479.12,2433.24,2153.93,2415.13,2403.2,2319.01,2361.9,2576.24,SBICARD
Expenses,1440.48,1535.82,1608.23,2035.21,1364.79,1937.65,1964.78,1955.97,1778.99,1937.41,SBICARD
Other Income,235.99,80.13,84.09,77.16,41.67,94.92,136.57,149.13,89.04,119.22,SBICARD
Depreciation,29.32,19.25,26.55,28.68,27.91,30.05,31.19,34.11,32.64,39.8,SBICARD
Interest,301.94,319.34,345.22,334.42,274.63,264.16,260.93,243.66,229.01,254.13,SBICARD
Profit before tax,532.54,501.79,583.21,112.09,528.27,278.19,282.87,234.4,410.3,464.12,SBICARD
Tax,186.95,120.78,148.54,28.54,134.97,72.04,73.22,58.98,105.69,119.22,SBICARD
Net profit,345.6,381.01,434.67,83.55,393.3,206.15,209.65,175.42,304.61,344.9,SBICARD
Operating Profit,627.81,760.25,870.89,398.03,789.14,477.48,438.42,363.04,582.91,638.83,SBICARD
