Report Date,2019-06-30 00:00:00,2019-09-30 00:00:00,2019-12-31 00:00:00,2020-03-31 00:00:00,2020-06-30 00:00:00,2020-09-30 00:00:00,2020-12-31 00:00:00,2021-03-31 00:00:00,2021-06-30 00:00:00,2021-09-30 00:00:00,Company_Name
Sales,19.4,10.52,3.18,117.96,19.79,13.69,9.61,99.94,10.12,24.04,SCHAND
Expenses,32.51,36.56,32.18,76.32,25.16,26.51,20.68,64.03,18.19,28.81,SCHAND
Other Income,4.66,3.39,3.01,-5.68,7.2,3.3,3.78,6.85,3.24,6.59,SCHAND
Depreciation,1.66,1.79,1.99,3.65,2.15,2.22,2.07,2.43,1.95,1.67,SCHAND
Interest,4.1,3.96,3.46,3.92,3.86,3.85,3.87,4.13,3.35,3.3,SCHAND
Profit before tax,-14.21,-28.4,-31.44,28.39,-4.18,-15.59,-13.23,36.2,-10.13,-3.15,SCHAND
Tax,-0.51,-8.03,-9.3,11.9,,,,0.98,,-1.0,SCHAND
Net profit,-13.71,-20.37,-22.15,16.5,-4.18,-15.6,-13.23,35.22,-10.13,-2.15,SCHAND
Operating Profit,-13.11,-26.04,-29.0,41.64,-5.37,-12.82,-11.07,35.91,-8.07,-4.77,SCHAND
