Report Date,2019-06-30 00:00:00,2019-09-30 00:00:00,2019-12-31 00:00:00,2020-03-31 00:00:00,2020-06-30 00:00:00,2020-09-30 00:00:00,2020-12-31 00:00:00,2021-03-31 00:00:00,2021-06-30 00:00:00,2021-09-30 00:00:00,Company_Name
Sales,278.44,299.88,285.4,320.26,139.16,150.35,164.46,327.82,217.99,331.93,SESHAPAPER
Expenses,216.24,227.75,217.62,255.53,107.74,122.34,150.61,293.55,186.69,292.03,SESHAPAPER
Other Income,6.36,7.06,5.84,3.47,6.02,7.08,3.33,2.89,4.38,4.61,SESHAPAPER
Depreciation,9.06,9.16,9.16,7.62,9.15,9.26,9.45,9.74,9.87,9.97,SESHAPAPER
Interest,2.87,2.04,1.13,0.85,0.72,0.88,0.71,0.6,0.64,0.66,SESHAPAPER
Profit before tax,56.63,67.99,63.33,59.73,27.57,24.95,7.02,26.82,25.17,33.88,SESHAPAPER
Tax,17.83,21.23,19.84,15.32,9.71,8.53,2.48,-34.63,6.61,8.83,SESHAPAPER
Net profit,38.8,46.76,43.49,44.41,17.86,16.42,4.54,61.45,18.56,25.05,SESHAPAPER
Operating Profit,62.2,72.13,67.78,64.73,31.42,28.01,13.85,34.27,31.3,39.9,SESHAPAPER
