Report Date,2019-06-30 00:00:00,2019-09-30 00:00:00,2019-12-31 00:00:00,2020-03-31 00:00:00,2020-06-30 00:00:00,2020-09-30 00:00:00,2020-12-31 00:00:00,2021-03-31 00:00:00,2021-06-30 00:00:00,2021-09-30 00:00:00,Company_Name
Sales,101.93,86.53,87.42,81.08,86.59,192.08,300.08,308.24,147.73,356.55,SHAKTIPUMP
Expenses,94.02,86.74,88.91,85.24,78.99,166.16,252.88,267.98,139.51,329.57,SHAKTIPUMP
Other Income,1.02,0.46,0.94,1.36,1.05,0.06,0.54,1.65,1.1,3.09,SHAKTIPUMP
Depreciation,3.97,4.06,4.18,4.24,4.22,4.31,4.27,4.22,4.35,4.39,SHAKTIPUMP
Interest,4.11,4.64,4.93,4.98,3.98,3.8,3.59,2.67,2.33,2.79,SHAKTIPUMP
Profit before tax,0.85,-8.45,-9.66,-12.02,0.45,17.87,39.88,35.02,2.64,22.89,SHAKTIPUMP
Tax,0.13,-3.3,-0.07,-5.62,-0.38,6.15,14.51,11.77,-1.72,3.83,SHAKTIPUMP
Net profit,0.72,-5.14,-9.59,-6.41,0.83,11.72,25.36,23.25,4.36,19.07,SHAKTIPUMP
Operating Profit,7.91,-0.21,-1.49,-4.16,7.6,25.92,47.2,40.26,8.22,26.98,SHAKTIPUMP
