Report Date,2019-06-30 00:00:00,2019-09-30 00:00:00,2019-12-31 00:00:00,2020-03-31 00:00:00,2020-06-30 00:00:00,2020-09-30 00:00:00,2020-12-31 00:00:00,2021-03-31 00:00:00,2021-06-30 00:00:00,2021-09-30 00:00:00,Company_Name
Sales,85.06,82.08,93.28,83.43,44.48,76.81,92.52,111.74,65.17,90.93,SHALPAINTS
Expenses,84.92,82.05,93.16,117.25,49.81,72.32,86.75,113.05,74.04,98.73,SHALPAINTS
Other Income,0.19,0.2,0.37,7.6,-1.82,0.18,0.11,6.74,-2.38,0.14,SHALPAINTS
Depreciation,2.21,2.56,2.76,3.31,3.33,3.33,3.31,3.33,3.3,3.45,SHALPAINTS
Interest,4.2,5.09,5.14,5.42,4.29,4.6,4.91,5.17,4.79,5.65,SHALPAINTS
Profit before tax,-6.08,-7.42,-7.41,-34.95,-14.77,-3.26,-2.34,-3.07,-19.34,-16.76,SHALPAINTS
Tax,-0.78,-2.25,-2.27,-12.66,-4.24,0.34,4.6,25.38,,,SHALPAINTS
Net profit,-5.3,-5.17,-5.14,-22.29,-10.53,-3.6,-6.94,-28.45,-19.34,-16.76,SHALPAINTS
Operating Profit,0.14,0.03,0.12,-33.82,-5.33,4.49,5.77,-1.31,-8.87,-7.8,SHALPAINTS
