Report Date,2019-06-30 00:00:00,2019-09-30 00:00:00,2019-12-31 00:00:00,2020-03-31 00:00:00,2020-06-30 00:00:00,2020-09-30 00:00:00,2020-12-31 00:00:00,2021-03-31 00:00:00,2021-06-30 00:00:00,2021-09-30 00:00:00,Company_Name
Sales,253.68,210.01,215.16,237.07,103.65,444.3,584.42,604.17,471.74,587.13,SHARDAMOTR
Expenses,225.42,191.56,189.95,212.32,112.35,410.09,533.11,551.72,431.59,525.85,SHARDAMOTR
Other Income,5.03,13.25,6.98,3.47,4.23,6.03,5.6,5.58,6.3,10.05,SHARDAMOTR
Depreciation,9.98,0.24,11.88,12.01,8.16,10.92,12.0,12.9,9.72,9.94,SHARDAMOTR
Interest,0.24,10.62,0.24,0.24,0.29,0.35,0.36,0.44,0.3,0.41,SHARDAMOTR
Profit before tax,23.07,20.84,20.07,15.97,-12.92,28.97,44.55,44.69,36.43,60.98,SHARDAMOTR
Tax,6.87,2.05,5.02,7.18,-3.44,7.31,11.02,11.8,9.54,15.28,SHARDAMOTR
Net profit,16.2,18.79,15.06,8.79,-9.49,21.66,33.53,32.89,26.89,45.7,SHARDAMOTR
Operating Profit,28.26,18.45,25.21,24.75,-8.7,34.21,51.31,52.45,40.15,61.28,SHARDAMOTR
