Report Date,2019-06-30 00:00:00,2019-09-30 00:00:00,2019-12-31 00:00:00,2020-03-31 00:00:00,2020-06-30 00:00:00,2020-09-30 00:00:00,2020-12-31 00:00:00,2021-03-31 00:00:00,2021-06-30 00:00:00,2021-09-30 00:00:00,Company_Name
Sales,14.52,16.06,15.95,14.25,18.23,21.63,22.93,22.08,22.86,24.17,SHIVALIK
Expenses,12.66,14.4,13.6,10.67,15.82,18.33,16.52,15.46,16.38,18.39,SHIVALIK
Other Income,0.44,0.76,,,0.13,,0.23,0.02,,,SHIVALIK
Depreciation,0.18,0.19,0.21,0.44,0.95,1.1,2.32,1.69,1.27,1.29,SHIVALIK
Interest,0.21,0.29,0.17,0.25,0.02,0.18,0.18,0.14,0.31,0.22,SHIVALIK
Profit before tax,1.91,1.94,1.97,2.89,1.57,2.02,4.14,4.81,4.9,4.27,SHIVALIK
Tax,-0.09,0.04,-0.02,0.03,-0.05,-0.07,-0.05,-0.05,-0.08,-0.12,SHIVALIK
Net profit,2.01,1.9,1.99,2.86,1.62,2.09,4.19,4.85,4.98,4.38,SHIVALIK
Operating Profit,1.86,1.66,2.35,3.58,2.41,3.3,6.41,6.62,6.48,5.78,SHIVALIK
