Report Date,2019-06-30 00:00:00,2019-09-30 00:00:00,2019-12-31 00:00:00,2020-03-31 00:00:00,2020-06-30 00:00:00,2020-09-30 00:00:00,2020-12-31 00:00:00,2021-03-31 00:00:00,2021-06-30 00:00:00,2021-09-30 00:00:00,Company_Name
Sales,84.57,95.68,98.1,89.78,51.31,83.34,96.74,109.41,85.74,114.27,SHIVATEX
Expenses,75.05,85.64,89.05,84.73,42.35,72.44,84.79,98.21,72.35,96.2,SHIVATEX
Other Income,0.18,0.17,0.19,4.03,0.22,0.18,2.62,3.93,0.2,0.35,SHIVATEX
Depreciation,3.58,3.59,3.45,4.07,3.35,3.4,3.78,5.15,3.11,3.05,SHIVATEX
Interest,5.51,5.8,5.68,5.32,4.88,4.78,3.84,4.17,3.99,3.42,SHIVATEX
Profit before tax,0.61,0.82,0.11,-0.31,0.95,2.9,6.95,5.81,6.49,11.95,SHIVATEX
Tax,-0.11,-0.15,-0.02,-0.04,0.14,0.66,1.43,2.1,1.64,3.74,SHIVATEX
Net profit,0.72,0.98,0.12,-0.27,0.81,2.24,5.53,3.7,4.85,8.22,SHIVATEX
Operating Profit,9.52,10.04,9.05,5.05,8.96,10.9,11.95,11.2,13.39,18.07,SHIVATEX
