Report Date,2019-06-30 00:00:00,2019-09-30 00:00:00,2019-12-31 00:00:00,2020-03-31 00:00:00,2020-06-30 00:00:00,2020-09-30 00:00:00,2020-12-31 00:00:00,2021-03-31 00:00:00,2021-06-30 00:00:00,2021-09-30 00:00:00,Company_Name
Sales,3.29,10.75,3.1,16.51,4.16,4.14,12.82,2.22,2.7,19.24,SILINV
Expenses,0.72,0.42,0.81,2.08,0.36,0.59,1.27,2.44,0.79,1.14,SILINV
Other Income,5.71,0.14,0.04,0.04,0.04,0.04,4.14,0.04,0.05,0.03,SILINV
Depreciation,0.05,0.01,0.03,0.03,0.03,0.03,0.04,0.03,0.03,0.04,SILINV
Interest,,,,0.03,,,0.01,0.1,,,SILINV
Profit before tax,8.23,10.46,2.3,14.41,3.81,3.56,15.64,-0.31,1.93,18.09,SILINV
Tax,1.34,1.78,0.7,0.08,-0.09,1.55,2.16,1.79,0.45,3.06,SILINV
Net profit,6.89,8.68,1.6,14.33,3.9,2.01,13.48,-2.1,1.48,15.03,SILINV
Operating Profit,2.57,10.33,2.29,14.43,3.8,3.55,11.55,-0.22,1.91,18.1,SILINV
