Report Date,2019-06-30 00:00:00,2019-09-30 00:00:00,2019-12-31 00:00:00,2020-03-31 00:00:00,2020-06-30 00:00:00,2020-09-30 00:00:00,2020-12-31 00:00:00,2021-03-31 00:00:00,2021-06-30 00:00:00,2021-09-30 00:00:00,Company_Name
Sales,250.5,185.94,213.75,359.25,346.28,236.23,254.39,425.88,315.28,223.73,SIMBHALS
Expenses,247.67,192.31,211.31,338.64,338.46,247.48,242.75,389.19,308.7,236.9,SIMBHALS
Other Income,4.13,4.28,5.4,11.93,4.09,4.03,3.59,5.1,4.41,3.96,SIMBHALS
Depreciation,9.05,9.07,9.07,8.82,8.86,8.62,9.23,8.77,8.26,7.86,SIMBHALS
Interest,7.5,7.94,7.78,7.67,8.04,6.78,8.03,7.81,7.32,7.27,SIMBHALS
Profit before tax,-9.59,-19.1,-9.01,16.05,-4.99,-22.62,-2.03,25.21,-4.59,-24.34,SIMBHALS
Tax,,,,,,,,,,,SIMBHALS
Net profit,-9.59,-19.1,-9.01,16.05,-4.99,-22.62,-2.03,25.21,-4.6,-24.34,SIMBHALS
Operating Profit,2.83,-6.37,2.44,20.61,7.82,-11.25,11.64,36.69,6.58,-13.17,SIMBHALS
