Report Date,2019-06-30 00:00:00,2019-09-30 00:00:00,2019-12-31 00:00:00,2020-03-31 00:00:00,2020-06-30 00:00:00,2020-09-30 00:00:00,2020-12-31 00:00:00,2021-03-31 00:00:00,2021-06-30 00:00:00,2021-09-30 00:00:00,Company_Name
Sales,688.49,747.16,774.36,785.88,743.47,716.52,768.75,775.34,758.62,812.97,SIS
Expenses,640.6,699.73,725.09,739.3,700.09,671.73,722.86,738.4,718.41,779.68,SIS
Other Income,2.86,16.12,2.94,22.99,8.88,8.01,4.01,5.4,53.28,3.09,SIS
Depreciation,11.93,13.83,13.92,13.8,10.24,10.47,10.35,10.42,8.82,8.85,SIS
Interest,16.15,19.3,19.32,20.87,21.19,17.91,15.85,15.27,14.19,13.91,SIS
Profit before tax,22.67,30.42,18.97,34.9,20.83,24.42,23.7,16.65,70.48,13.62,SIS
Tax,-25.14,-25.05,-17.7,88.52,6.15,8.74,4.54,9.08,6.69,-1.76,SIS
Net profit,47.81,55.47,36.66,-53.62,14.68,15.69,19.17,7.56,63.79,15.39,SIS
Operating Profit,47.89,47.43,49.27,46.58,43.38,44.79,45.89,36.94,40.21,33.29,SIS
