Report Date,2019-06-30 00:00:00,2019-09-30 00:00:00,2019-12-31 00:00:00,2020-03-31 00:00:00,2020-06-30 00:00:00,2020-09-30 00:00:00,2020-12-31 00:00:00,2021-03-31 00:00:00,2021-06-30 00:00:00,2021-09-30 00:00:00,Company_Name
Sales,92.72,71.56,46.4,46.25,54.78,60.52,65.43,79.52,73.22,84.76,SMSLIFE
Expenses,83.07,63.77,43.76,42.55,48.31,52.93,57.99,71.98,66.11,76.95,SMSLIFE
Other Income,0.27,0.8,0.3,0.5,0.08,0.2,0.57,1.17,0.04,8.42,SMSLIFE
Depreciation,1.76,1.8,1.79,1.89,1.79,1.81,1.8,1.81,1.97,2.07,SMSLIFE
Interest,1.41,1.36,1.17,1.14,1.18,1.28,1.06,0.97,1.07,1.31,SMSLIFE
Profit before tax,6.75,5.43,-0.02,1.17,3.58,4.7,5.15,5.93,4.11,12.85,SMSLIFE
Tax,2.29,1.93,0.26,-0.3,1.07,1.57,1.57,1.97,1.21,3.11,SMSLIFE
Net profit,4.47,3.5,-0.29,1.47,2.51,3.13,3.57,3.95,2.9,9.74,SMSLIFE
Operating Profit,9.65,7.79,2.64,3.7,6.47,7.59,7.44,7.54,7.11,7.81,SMSLIFE
