Report Date,2019-06-30 00:00:00,2019-09-30 00:00:00,2019-12-31 00:00:00,2020-03-31 00:00:00,2020-06-30 00:00:00,2020-09-30 00:00:00,2020-12-31 00:00:00,2021-03-31 00:00:00,2021-06-30 00:00:00,2021-09-30 00:00:00,Company_Name
Sales,1171.0,802.3,876.0,906.5,349.7,523.0,670.7,553.3,511.6,815.5,SOBHA
Expenses,946.3,546.7,595.6,648.6,158.9,380.1,510.3,415.8,314.6,568.4,SOBHA
Other Income,15.8,20.2,17.1,20.8,9.4,23.7,19.1,42.3,13.4,13.9,SOBHA
Depreciation,16.3,16.6,16.9,17.6,17.7,18.3,19.0,20.5,16.5,16.8,SOBHA
Interest,82.0,164.4,167.4,170.3,175.3,123.6,132.3,144.8,178.6,179.9,SOBHA
Profit before tax,142.2,94.8,113.2,90.8,7.2,24.7,28.2,14.5,15.3,64.3,SOBHA
Tax,51.1,25.9,37.0,37.6,-0.1,8.1,4.9,-3.8,2.7,17.0,SOBHA
Net profit,91.1,68.9,76.2,53.2,7.3,16.6,23.3,18.3,12.6,47.3,SOBHA
Operating Profit,224.7,255.6,280.4,257.9,190.8,142.9,160.4,137.5,197.0,247.1,SOBHA
