Report Date,2019-06-30 00:00:00,2019-09-30 00:00:00,2019-12-31 00:00:00,2020-03-31 00:00:00,2020-06-30 00:00:00,2020-09-30 00:00:00,2020-12-31 00:00:00,2021-03-31 00:00:00,2021-06-30 00:00:00,2021-09-30 00:00:00,Company_Name
Sales,387.15,421.67,433.95,352.48,169.03,420.53,485.35,555.24,325.52,557.45,SOMANYCERA
Expenses,364.1,393.75,411.16,351.74,179.04,383.33,441.37,488.02,311.09,500.93,SOMANYCERA
Other Income,5.95,-23.25,4.16,4.06,2.71,4.15,4.03,-14.16,6.46,5.4,SOMANYCERA
Depreciation,9.7,10.93,10.25,11.56,10.23,10.75,11.07,12.19,10.84,11.85,SOMANYCERA
Interest,5.68,6.4,5.04,4.69,5.42,3.55,2.54,2.88,2.26,2.21,SOMANYCERA
Profit before tax,13.62,-12.66,11.66,-11.45,-22.95,27.05,34.4,37.99,7.79,47.86,SOMANYCERA
Tax,4.88,-17.46,2.96,-2.47,-5.83,6.91,8.72,10.79,2.0,12.9,SOMANYCERA
Net profit,8.74,4.8,8.7,-8.98,-17.12,20.14,25.68,27.2,5.79,34.96,SOMANYCERA
Operating Profit,23.05,27.92,22.79,0.74,-10.01,37.2,43.98,67.22,14.43,56.52,SOMANYCERA
