Report Date,2019-06-30 00:00:00,2019-09-30 00:00:00,2019-12-31 00:00:00,2020-03-31 00:00:00,2020-06-30 00:00:00,2020-09-30 00:00:00,2020-12-31 00:00:00,2021-03-31 00:00:00,2021-06-30 00:00:00,2021-09-30 00:00:00,Company_Name
Sales,46.27,45.1,44.37,37.68,24.78,31.13,37.98,40.96,29.07,37.65,SORILINFRA
Expenses,41.79,44.36,42.86,36.17,20.64,28.52,34.12,39.83,29.28,38.22,SORILINFRA
Other Income,4.33,3.93,7.84,4.67,8.92,5.27,5.61,6.13,6.49,7.91,SORILINFRA
Depreciation,6.15,5.91,5.87,5.95,5.81,5.17,5.12,4.9,4.92,4.92,SORILINFRA
Interest,2.1,2.63,3.14,2.15,4.02,1.54,1.62,1.92,2.5,2.83,SORILINFRA
Profit before tax,0.56,-3.87,0.34,-1.92,3.23,1.17,2.73,0.44,-1.14,-0.41,SORILINFRA
Tax,-0.05,0.05,,,0.36,,,-0.36,,,SORILINFRA
Net profit,0.61,-3.92,0.34,-1.92,2.87,1.17,2.73,0.8,-1.14,-0.41,SORILINFRA
Operating Profit,4.48,0.74,1.51,1.51,4.14,2.61,3.86,1.13,-0.21,-0.57,SORILINFRA
