Report Date,2019-06-30 00:00:00,2019-09-30 00:00:00,2019-12-31 00:00:00,2020-03-31 00:00:00,2020-06-30 00:00:00,2020-09-30 00:00:00,2020-12-31 00:00:00,2021-03-31 00:00:00,2021-06-30 00:00:00,2021-09-30 00:00:00,Company_Name
Sales,87.59,88.5,106.29,75.41,8.27,19.64,56.81,65.42,30.43,61.73,SPECIALITY
Expenses,71.7,74.93,82.34,71.94,20.91,25.01,50.7,54.52,30.34,51.65,SPECIALITY
Other Income,2.33,2.71,2.02,-24.36,2.69,5.6,2.67,9.61,1.95,2.56,SPECIALITY
Depreciation,14.76,15.36,15.58,11.79,6.64,9.42,8.18,8.0,7.0,6.26,SPECIALITY
Interest,4.64,5.55,5.76,5.2,3.05,5.18,4.24,4.03,3.57,3.58,SPECIALITY
Profit before tax,-1.18,-4.63,4.63,-37.88,-19.64,-14.37,-3.64,8.48,-8.53,2.8,SPECIALITY
Tax,,,-0.9,,,,,0.17,,,SPECIALITY
Net profit,-1.18,-4.63,5.53,-37.88,-19.64,-14.37,-3.64,8.31,-8.53,2.8,SPECIALITY
Operating Profit,15.89,13.57,23.95,3.47,-12.64,-5.37,6.11,10.9,0.09,10.08,SPECIALITY
