Report Date,2019-06-30 00:00:00,2019-09-30 00:00:00,2019-12-31 00:00:00,2020-03-31 00:00:00,2020-06-30 00:00:00,2020-09-30 00:00:00,2020-12-31 00:00:00,2021-03-31 00:00:00,2021-06-30 00:00:00,2021-09-30 00:00:00,Company_Name
Sales,554.23,627.64,382.21,515.11,320.2,429.36,426.72,350.72,498.76,615.5,SPIC
Expenses,521.05,600.58,365.97,478.78,305.1,415.03,413.31,323.12,455.66,540.98,SPIC
Other Income,0.67,1.88,1.47,6.44,0.42,3.53,3.08,21.55,0.4,1.4,SPIC
Depreciation,7.57,7.6,8.42,8.56,9.46,9.2,9.18,10.39,13.26,14.49,SPIC
Interest,11.68,12.38,4.45,5.64,3.28,4.56,4.83,1.49,2.56,7.78,SPIC
Profit before tax,14.6,8.96,4.84,28.57,2.78,4.1,2.48,37.27,27.68,53.65,SPIC
Tax,,,,0.04,,,,-5.23,,,SPIC
Net profit,14.61,8.96,4.84,28.53,2.78,4.09,2.48,42.5,27.68,53.64,SPIC
Operating Profit,33.18,27.06,16.24,36.33,15.1,14.33,13.41,27.6,43.1,74.52,SPIC
