Report Date,2019-06-30 00:00:00,2019-09-30 00:00:00,2019-12-31 00:00:00,2020-03-31 00:00:00,2020-06-30 00:00:00,2020-09-30 00:00:00,2020-12-31 00:00:00,2021-03-31 00:00:00,2021-06-30 00:00:00,2021-09-30 00:00:00,Company_Name
Sales,360.82,457.35,446.25,398.47,204.16,397.3,426.62,474.51,437.47,438.96,SRIPIPES
Expenses,303.61,394.79,372.89,331.41,205.86,355.46,350.68,409.7,369.23,378.42,SRIPIPES
Other Income,12.12,17.42,14.45,20.97,15.47,16.4,14.28,10.18,9.03,9.03,SRIPIPES
Depreciation,9.92,10.29,10.46,10.5,11.44,11.51,11.53,11.77,11.6,12.92,SRIPIPES
Interest,9.17,12.53,12.23,13.54,12.73,12.25,12.05,8.52,8.49,8.25,SRIPIPES
Profit before tax,50.24,57.16,65.12,63.99,-10.4,34.48,66.64,54.7,57.18,48.4,SRIPIPES
Tax,16.87,21.25,-2.54,13.26,-2.52,9.51,19.86,14.92,13.99,12.57,SRIPIPES
Net profit,33.38,35.91,67.66,50.73,-7.88,24.98,46.78,39.78,43.2,35.83,SRIPIPES
Operating Profit,57.21,62.56,73.36,67.06,-1.7,41.84,75.94,64.81,68.24,60.54,SRIPIPES
