Report Date,2019-06-30 00:00:00,2019-09-30 00:00:00,2019-12-31 00:00:00,2020-03-31 00:00:00,2020-06-30 00:00:00,2020-09-30 00:00:00,2020-12-31 00:00:00,2021-03-31 00:00:00,2021-06-30 00:00:00,2021-09-30 00:00:00,Company_Name
Sales,193.48,194.41,167.0,152.04,52.52,107.65,182.1,231.59,183.49,222.94,SUMEETINDS
Expenses,180.85,181.41,165.95,154.0,53.58,113.4,168.78,214.1,169.64,206.64,SUMEETINDS
Other Income,0.35,0.21,0.2,3.06,0.06,0.1,1.15,1.6,0.35,0.55,SUMEETINDS
Depreciation,6.92,7.18,7.05,19.08,8.73,8.8,8.82,9.44,7.81,7.91,SUMEETINDS
Interest,6.99,13.18,11.64,9.57,0.49,0.26,0.03,2.39,6.28,7.07,SUMEETINDS
Profit before tax,-0.93,-7.15,-17.44,-27.55,-10.22,-14.71,5.62,7.26,0.11,1.87,SUMEETINDS
Tax,,,,-6.56,,,,-4.98,,,SUMEETINDS
Net profit,-0.93,-7.15,-17.44,-20.99,-10.23,-14.71,5.62,12.24,0.11,1.87,SUMEETINDS
Operating Profit,12.63,13.0,1.05,-1.96,-1.06,-5.75,13.32,17.49,13.85,16.3,SUMEETINDS
