Report Date,2019-06-30 00:00:00,2019-09-30 00:00:00,2019-12-31 00:00:00,2020-03-31 00:00:00,2020-06-30 00:00:00,2020-09-30 00:00:00,2020-12-31 00:00:00,2021-03-31 00:00:00,2021-06-30 00:00:00,2021-09-30 00:00:00,Company_Name
Sales,0.29,13.77,0.79,17.71,3.72,2.2,4.35,4.76,3.06,22.24,SUMMITSEC
Expenses,1.06,0.68,0.59,5.79,0.41,0.72,0.38,0.59,0.42,0.66,SUMMITSEC
Other Income,,,,,,,,0.06,,0.83,SUMMITSEC
Depreciation,,,,,,,0.01,0.01,0.01,0.01,SUMMITSEC
Interest,,,,,,,,0.06,,,SUMMITSEC
Profit before tax,-0.77,13.09,0.2,11.92,3.31,1.48,3.96,4.16,2.63,22.4,SUMMITSEC
Tax,-0.12,0.16,0.3,-1.39,1.11,0.6,1.38,1.18,0.88,6.42,SUMMITSEC
Net profit,-0.65,12.92,-0.11,13.31,2.2,0.88,2.59,2.99,1.75,15.98,SUMMITSEC
Operating Profit,-0.77,13.09,0.2,11.92,3.31,1.48,3.97,4.17,2.64,21.58,SUMMITSEC
