Report Date,2019-06-30 00:00:00,2019-09-30 00:00:00,2019-12-31 00:00:00,2020-03-31 00:00:00,2020-06-30 00:00:00,2020-09-30 00:00:00,2020-12-31 00:00:00,2021-03-31 00:00:00,2021-06-30 00:00:00,2021-09-30 00:00:00,Company_Name
Sales,486.11,449.02,419.49,417.5,198.5,489.43,648.18,555.44,667.41,685.61,SUNFLAG
Expenses,461.11,404.13,369.66,366.48,191.95,427.08,568.63,457.13,552.56,568.42,SUNFLAG
Other Income,2.88,2.8,4.28,1.2,1.46,3.45,4.09,1.92,0.93,1.48,SUNFLAG
Depreciation,10.05,10.04,12.06,14.05,17.05,17.17,17.14,18.82,18.72,18.71,SUNFLAG
Interest,10.77,9.68,11.08,9.84,6.42,9.29,7.01,6.18,6.37,10.33,SUNFLAG
Profit before tax,7.06,27.97,30.97,28.33,-15.46,39.34,59.49,75.23,90.69,89.63,SUNFLAG
Tax,2.97,6.82,7.56,-15.58,,9.83,12.53,2.72,22.68,24.24,SUNFLAG
Net profit,4.09,21.15,23.41,43.91,-15.46,29.51,46.96,72.51,68.01,65.39,SUNFLAG
Operating Profit,25.0,44.89,49.83,51.02,6.55,62.35,79.55,98.31,114.85,117.19,SUNFLAG
