Report Date,2019-06-30 00:00:00,2019-09-30 00:00:00,2019-12-31 00:00:00,2020-03-31 00:00:00,2020-06-30 00:00:00,2020-09-30 00:00:00,2020-12-31 00:00:00,2021-03-31 00:00:00,2021-06-30 00:00:00,2021-09-30 00:00:00,Company_Name
Sales,3309.01,3373.29,3013.55,2836.08,2963.04,3530.97,3388.02,3159.64,3665.29,4143.15,SUNPHARMA
Expenses,2366.62,2538.38,2307.74,2607.54,2241.02,3091.66,2641.78,2479.39,3278.27,3278.88,SUNPHARMA
Other Income,18.58,258.33,15.36,1218.65,21.19,83.56,20.98,-54.69,-97.56,284.27,SUNPHARMA
Depreciation,135.58,139.14,144.4,142.44,142.79,305.97,146.89,151.76,306.93,333.64,SUNPHARMA
Interest,57.25,114.47,98.76,137.53,68.9,16.13,71.93,102.73,107.46,103.98,SUNPHARMA
Profit before tax,768.14,839.63,478.01,1167.22,531.52,200.77,548.4,371.07,-124.93,710.92,SUNPHARMA
Tax,4.77,16.47,9.25,11.37,-0.43,-22.93,-7.15,43.68,13.35,-98.15,SUNPHARMA
Net profit,763.37,823.16,468.76,1155.85,531.95,223.7,555.55,327.39,-138.28,809.07,SUNPHARMA
Operating Profit,942.39,834.91,705.81,228.54,722.02,439.31,746.24,680.25,387.02,864.27,SUNPHARMA
