Report Date,2019-06-30 00:00:00,2019-09-30 00:00:00,2019-12-31 00:00:00,2020-03-31 00:00:00,2020-06-30 00:00:00,2020-09-30 00:00:00,2020-12-31 00:00:00,2021-03-31 00:00:00,2021-06-30 00:00:00,2021-09-30 00:00:00,Company_Name
Sales,1.59,1.39,2.77,8.66,1.43,8.98,1.51,1.56,2.01,1.18,SUVEN
Expenses,12.9,13.9,12.13,10.75,9.24,12.83,11.9,10.1,13.88,11.48,SUVEN
Other Income,2.8,2.38,5.86,3.0,2.53,2.28,1.62,1.32,4.56,0.5,SUVEN
Depreciation,0.85,1.42,0.86,1.05,1.06,1.07,1.14,1.07,1.03,1.03,SUVEN
Interest,0.11,0.1,0.1,0.22,0.2,0.25,0.14,0.18,0.15,0.15,SUVEN
Profit before tax,-9.47,-11.65,-4.46,-0.36,-6.54,-2.89,-10.05,-8.47,-8.49,-10.98,SUVEN
Tax,-14.01,-0.41,0.04,2.2,-2.47,-0.99,-1.91,0.05,,,SUVEN
Net profit,4.54,-11.23,-4.5,-2.56,-4.08,-1.9,-8.15,-8.51,-8.49,-10.98,SUVEN
Operating Profit,-11.31,-12.51,-9.36,-2.09,-7.81,-3.85,-10.39,-8.54,-11.87,-10.3,SUVEN
