Report Date,2019-06-30 00:00:00,2019-09-30 00:00:00,2019-12-31 00:00:00,2020-03-31 00:00:00,2020-06-30 00:00:00,2020-09-30 00:00:00,2020-12-31 00:00:00,2021-03-31 00:00:00,2021-06-30 00:00:00,2021-09-30 00:00:00,Company_Name
Sales,197.39,272.93,178.71,184.76,238.23,237.39,274.93,259.16,263.8,300.99,SUVENPHAR
Expenses,94.92,147.45,99.14,108.19,126.12,139.52,137.59,165.47,149.18,179.21,SUVENPHAR
Other Income,2.44,5.45,4.89,5.34,5.74,0.36,4.84,3.3,5.78,38.34,SUVENPHAR
Depreciation,5.5,5.53,5.51,6.96,7.06,7.5,8.76,8.31,8.99,9.18,SUVENPHAR
Interest,3.44,3.99,7.18,6.51,3.21,2.64,1.91,1.87,2.13,1.18,SUVENPHAR
Profit before tax,95.97,121.41,71.77,68.44,107.58,88.09,131.51,86.81,109.28,149.76,SUVENPHAR
Tax,21.04,31.49,19.77,15.2,26.35,22.76,33.87,22.36,27.84,34.56,SUVENPHAR
Net profit,74.93,89.92,52.0,53.24,81.23,65.33,97.63,64.45,81.44,115.2,SUVENPHAR
Operating Profit,102.47,125.48,79.57,76.57,112.11,97.87,137.34,93.69,114.62,121.78,SUVENPHAR
