Report Date,Unnamed: 1,Unnamed: 2,2019-12-31 00:00:00,2020-03-31 00:00:00,2020-06-30 00:00:00,2020-09-30 00:00:00,2020-12-31 00:00:00,2021-03-31 00:00:00,2021-06-30 00:00:00,2021-09-30 00:00:00,Company_Name
Sales,,,50.91,48.4,41.58,31.91,17.2,16.69,14.15,7.94,SUVIDHAA
Expenses,,,49.1,45.37,38.27,28.02,12.52,24.49,12.05,6.8,SUVIDHAA
Other Income,,,0.51,0.96,0.53,1.9,0.3,4.43,0.05,,SUVIDHAA
Depreciation,,,1.62,2.76,4.52,4.55,4.53,3.89,3.47,3.49,SUVIDHAA
Interest,,,0.04,0.06,,0.01,0.07,0.01,,,SUVIDHAA
Profit before tax,,,0.66,1.17,-0.68,1.23,0.38,-7.27,-1.32,-2.35,SUVIDHAA
Tax,,,,0.48,,,,-0.48,,,SUVIDHAA
Net profit,,,0.66,0.69,-0.68,1.23,0.38,-6.79,-1.32,-2.35,SUVIDHAA
Operating Profit,,,1.81,3.03,3.31,3.89,4.68,-7.8,2.1,1.14,SUVIDHAA
