Report Date,2019-06-30 00:00:00,2019-09-30 00:00:00,2019-12-31 00:00:00,2020-03-31 00:00:00,2020-06-30 00:00:00,2020-09-30 00:00:00,2020-12-31 00:00:00,2021-03-31 00:00:00,2021-06-30 00:00:00,2021-09-30 00:00:00,Company_Name
Sales,160.0,195.0,207.0,154.0,40.0,112.0,124.0,212.0,104.0,140.0,SYMPHONY
Expenses,136.0,134.0,140.0,105.0,48.0,83.0,89.0,152.0,104.0,105.0,SYMPHONY
Other Income,11.0,11.0,11.0,12.0,10.0,8.0,10.0,8.0,9.0,9.0,SYMPHONY
Depreciation,1.0,2.0,1.0,2.0,1.0,2.0,1.0,1.0,1.0,2.0,SYMPHONY
Interest,,,,,,,,,,,SYMPHONY
Profit before tax,34.0,70.0,77.0,59.0,1.0,35.0,44.0,67.0,8.0,42.0,SYMPHONY
Tax,8.0,13.0,19.0,14.0,,8.0,9.0,18.0,1.0,10.0,SYMPHONY
Net profit,26.0,57.0,58.0,45.0,1.0,27.0,35.0,49.0,7.0,32.0,SYMPHONY
Operating Profit,24.0,61.0,67.0,49.0,-8.0,29.0,35.0,60.0,,35.0,SYMPHONY
