Report Date,2019-06-30 00:00:00,2019-09-30 00:00:00,2019-12-31 00:00:00,2020-03-31 00:00:00,2020-06-30 00:00:00,2020-09-30 00:00:00,2020-12-31 00:00:00,2021-03-31 00:00:00,2021-06-30 00:00:00,2021-09-30 00:00:00,Company_Name
Sales,420.9,464.6,519.1,607.3,420.2,517.0,584.1,658.1,593.7,609.5,SYNGENE
Expenses,299.9,325.7,366.0,403.6,296.0,362.0,408.5,442.9,429.3,432.4,SYNGENE
Other Income,20.5,91.9,20.0,20.5,15.3,13.8,17.1,53.4,12.3,-17.8,SYNGENE
Depreciation,47.4,52.6,57.0,62.3,66.1,68.7,69.7,70.0,74.7,76.2,SYNGENE
Interest,7.1,8.4,9.8,9.3,7.4,6.6,7.1,6.6,7.9,1.2,SYNGENE
Profit before tax,87.0,169.8,106.3,152.6,66.0,93.5,115.9,192.0,94.1,81.9,SYNGENE
Tax,15.1,41.8,14.7,32.6,8.2,9.9,14.1,31.5,17.2,15.4,SYNGENE
Net profit,71.9,128.0,91.6,120.0,57.8,83.6,101.8,160.5,76.9,66.5,SYNGENE
Operating Profit,121.0,138.9,153.1,203.7,124.2,155.0,175.6,215.2,164.4,177.1,SYNGENE
