Report Date,Unnamed: 1,Unnamed: 2,2019-12-31 00:00:00,2020-03-31 00:00:00,2020-06-30 00:00:00,2020-09-30 00:00:00,2020-12-31 00:00:00,2021-03-31 00:00:00,2021-06-30 00:00:00,2021-09-30 00:00:00,Company_Name
Sales,,,44.08,67.73,25.41,28.92,53.77,70.88,181.36,203.1,TARC
Expenses,,,39.79,62.88,24.6,27.47,50.99,64.95,179.04,142.72,TARC
Other Income,,,1.13,4.41,1.23,1.2,1.41,1.06,1.41,1.55,TARC
Depreciation,,,0.51,0.72,0.44,0.44,0.62,0.64,0.59,0.6,TARC
Interest,,,4.15,7.37,1.49,1.9,1.98,3.1,2.16,8.16,TARC
Profit before tax,,,0.76,1.17,0.11,0.31,1.59,3.25,0.98,53.17,TARC
Tax,,,-0.41,-1.36,-0.44,-0.33,0.06,1.07,0.51,36.75,TARC
Net profit,,,1.16,2.53,0.56,0.64,1.54,2.18,0.47,16.42,TARC
Operating Profit,,,4.29,4.85,0.81,1.45,2.78,5.93,2.32,60.38,TARC
