Report Date,2019-06-30 00:00:00,2019-09-30 00:00:00,2019-12-31 00:00:00,2020-03-31 00:00:00,2020-06-30 00:00:00,2020-09-30 00:00:00,2020-12-31 00:00:00,2021-03-31 00:00:00,2021-06-30 00:00:00,2021-09-30 00:00:00,Company_Name
Sales,361.71,385.83,423.44,438.89,400.49,430.18,477.1,518.4,558.32,595.33,TATAELXSI
Expenses,291.86,315.46,329.25,330.29,307.78,312.13,333.49,350.35,408.33,411.68,TATAELXSI
Other Income,12.11,12.39,20.52,13.39,13.45,4.41,15.09,6.82,17.5,2.43,TATAELXSI
Depreciation,10.45,10.96,11.22,10.79,10.82,11.21,11.05,11.3,11.92,13.5,TATAELXSI
Interest,1.32,1.36,1.44,1.44,1.39,1.3,1.35,1.9,1.64,1.59,TATAELXSI
Profit before tax,70.19,70.44,102.05,109.76,93.95,109.95,146.3,161.67,153.93,170.99,TATAELXSI
Tax,21.4,20.63,26.64,27.68,25.08,31.07,41.09,46.5,40.55,45.65,TATAELXSI
Net profit,48.79,49.81,75.42,82.08,68.87,78.88,105.2,115.17,113.38,125.33,TATAELXSI
Operating Profit,69.85,70.37,94.19,108.6,92.71,118.05,143.61,168.05,149.99,183.65,TATAELXSI
