Report Date,2019-06-30 00:00:00,2019-09-30 00:00:00,2019-12-31 00:00:00,2020-03-31 00:00:00,2020-06-30 00:00:00,2020-09-30 00:00:00,2020-12-31 00:00:00,2021-03-31 00:00:00,2021-06-30 00:00:00,2021-09-30 00:00:00,Company_Name
Sales,128.93,50.17,77.71,71.1,81.63,81.3,128.28,130.44,128.72,129.25,TEXMOPIPES
Expenses,122.54,45.28,72.06,65.52,76.15,75.51,120.58,120.45,119.63,120.02,TEXMOPIPES
Other Income,0.27,0.35,-0.53,0.28,0.28,0.29,0.47,0.15,0.25,0.5,TEXMOPIPES
Depreciation,1.51,1.5,1.58,1.6,1.53,1.45,1.69,1.59,1.58,1.64,TEXMOPIPES
Interest,3.26,3.2,1.98,2.08,2.44,2.34,2.39,2.32,2.05,2.11,TEXMOPIPES
Profit before tax,1.89,0.54,1.56,2.18,1.79,2.29,4.09,6.23,5.71,5.98,TEXMOPIPES
Tax,0.59,0.14,0.28,0.83,0.46,0.56,0.82,1.33,1.85,1.05,TEXMOPIPES
Net profit,1.3,0.4,1.28,1.35,1.33,1.72,3.27,4.91,3.85,4.93,TEXMOPIPES
Operating Profit,6.39,4.89,5.65,5.58,5.48,5.79,7.7,9.99,9.09,9.23,TEXMOPIPES
