Report Date,2019-06-30 00:00:00,2019-09-30 00:00:00,2019-12-31 00:00:00,2020-03-31 00:00:00,2020-06-30 00:00:00,2020-09-30 00:00:00,2020-12-31 00:00:00,2021-03-31 00:00:00,2021-06-30 00:00:00,2021-09-30 00:00:00,Company_Name
Sales,62.64,80.33,65.39,54.39,63.08,64.78,71.07,59.52,65.91,65.7,TFCILTD
Expenses,4.26,26.98,4.53,11.07,7.37,5.0,9.93,5.08,7.36,6.1,TFCILTD
Other Income,0.04,0.01,2.82,0.04,,0.02,0.02,0.01,0.01,0.02,TFCILTD
Depreciation,0.08,0.08,0.2,0.28,0.29,0.29,0.29,0.28,0.29,0.33,TFCILTD
Interest,28.75,28.25,31.14,32.58,33.95,32.37,31.72,32.08,31.82,32.04,TFCILTD
Profit before tax,29.59,25.03,32.34,10.5,21.47,27.14,29.15,22.09,26.45,27.25,TFCILTD
Tax,6.65,6.45,5.0,-1.67,4.9,5.2,5.1,3.91,5.25,5.6,TFCILTD
Net profit,22.93,18.58,27.34,12.17,16.57,21.94,24.06,18.18,21.2,21.65,TFCILTD
Operating Profit,58.38,53.35,60.86,43.32,55.71,59.78,61.14,54.44,58.55,59.6,TFCILTD
