Report Date,2019-06-30 00:00:00,2019-09-30 00:00:00,2019-12-31 00:00:00,2020-03-31 00:00:00,2020-06-30 00:00:00,2020-09-30 00:00:00,2020-12-31 00:00:00,2021-03-31 00:00:00,2021-06-30 00:00:00,2021-09-30 00:00:00,Company_Name
Sales,491.91,402.67,441.42,358.99,126.2,342.02,612.03,740.7,249.96,704.92,THANGAMAYL
Expenses,465.56,375.39,415.03,338.26,127.55,264.18,567.44,712.44,252.49,661.37,THANGAMAYL
Other Income,,,,,,,,,,,THANGAMAYL
Depreciation,1.67,3.21,2.64,2.66,2.17,2.43,2.37,2.49,1.84,1.56,THANGAMAYL
Interest,4.79,5.87,5.16,5.33,5.04,5.31,6.19,6.36,5.45,6.28,THANGAMAYL
Profit before tax,19.89,18.2,18.59,12.74,-8.56,70.1,36.03,19.41,-9.82,35.71,THANGAMAYL
Tax,7.04,6.4,6.17,4.14,-2.15,17.75,9.12,5.66,-2.36,9.0,THANGAMAYL
Net profit,12.85,11.8,12.42,8.59,-6.4,52.34,26.9,13.75,-7.46,26.71,THANGAMAYL
Operating Profit,26.35,27.28,26.39,20.73,-1.35,77.84,44.59,28.26,-2.53,43.55,THANGAMAYL
