Report Date,2019-06-30 00:00:00,2019-09-30 00:00:00,2019-12-31 00:00:00,2020-03-31 00:00:00,2020-06-30 00:00:00,2020-09-30 00:00:00,2020-12-31 00:00:00,2021-03-31 00:00:00,2021-06-30 00:00:00,2021-09-30 00:00:00,Company_Name
Sales,437.75,401.17,373.3,405.1,160.23,391.9,383.03,475.36,467.85,557.94,TIMKEN
Expenses,342.63,311.48,289.15,311.7,146.16,308.17,315.96,388.51,375.09,434.15,TIMKEN
Other Income,4.2,6.4,5.3,7.71,7.8,2.2,1.81,7.86,2.88,3.77,TIMKEN
Depreciation,20.79,19.08,18.48,18.52,17.93,18.72,18.76,19.47,19.88,20.45,TIMKEN
Interest,0.32,0.28,1.94,0.21,0.31,0.26,0.29,0.58,0.4,0.39,TIMKEN
Profit before tax,78.21,76.73,69.03,82.38,3.63,66.95,49.83,74.66,75.36,106.72,TIMKEN
Tax,27.72,26.93,-15.53,21.13,0.48,17.01,12.65,21.73,18.64,27.53,TIMKEN
Net profit,50.49,49.8,84.56,61.25,3.15,49.94,37.18,52.93,56.72,79.19,TIMKEN
Operating Profit,95.12,89.69,84.15,93.4,14.07,83.73,67.07,86.85,92.76,123.79,TIMKEN
