Report Date,2019-06-30 00:00:00,2019-09-30 00:00:00,2019-12-31 00:00:00,2020-03-31 00:00:00,2020-06-30 00:00:00,2020-09-30 00:00:00,2020-12-31 00:00:00,2021-03-31 00:00:00,2021-06-30 00:00:00,2021-09-30 00:00:00,Company_Name
Sales,561.33,538.37,533.64,472.37,379.76,531.49,615.14,754.98,866.29,976.82,TINPLATE
Expenses,535.09,508.72,492.69,417.75,374.08,499.6,561.08,669.85,764.99,869.93,TINPLATE
Other Income,6.92,5.49,5.15,6.83,4.46,5.46,6.77,7.88,8.11,10.1,TINPLATE
Depreciation,16.1,14.72,15.13,15.28,15.37,15.46,15.36,15.46,14.91,14.94,TINPLATE
Interest,1.46,1.17,1.52,6.32,1.56,1.72,1.42,3.06,2.46,2.06,TINPLATE
Profit before tax,15.6,19.25,29.45,39.85,-6.79,20.17,44.05,74.49,92.04,99.99,TINPLATE
Tax,6.82,6.58,-17.0,12.73,0.11,4.09,11.24,18.33,23.42,25.06,TINPLATE
Net profit,8.79,12.67,46.45,27.12,-6.9,16.08,32.82,56.16,68.62,74.93,TINPLATE
Operating Profit,26.24,29.65,40.95,54.62,5.68,31.89,54.06,85.13,101.3,106.89,TINPLATE
