Report Date,2019-06-30 00:00:00,2019-09-30 00:00:00,2019-12-31 00:00:00,2020-03-31 00:00:00,2020-06-30 00:00:00,2020-09-30 00:00:00,2020-12-31 00:00:00,2021-03-31 00:00:00,2021-06-30 00:00:00,2021-09-30 00:00:00,Company_Name
Sales,45.65,35.79,57.55,13.08,0.01,0.01,-0.04,0.46,,,TMRVL
Expenses,40.66,36.35,51.09,33.51,2.29,2.0,1.7,2.14,1.5,1.63,TMRVL
Other Income,0.63,0.73,0.06,7.33,1.71,2.24,0.85,0.34,0.25,0.37,TMRVL
Depreciation,3.88,4.3,4.27,1.57,0.02,0.02,0.01,0.01,0.01,0.01,TMRVL
Interest,1.5,2.34,1.62,1.68,0.1,,,0.1,0.13,0.12,TMRVL
Profit before tax,0.24,-6.47,0.63,-16.35,-0.69,0.23,-0.9,-1.45,-1.39,-1.39,TMRVL
Tax,-0.1,0.28,-0.36,9.3,,,,,,,TMRVL
Net profit,0.34,-6.74,1.0,-25.65,-0.68,0.24,-0.9,-1.45,-1.39,-1.39,TMRVL
Operating Profit,4.99,-0.56,6.46,-20.43,-2.28,-1.99,-1.74,-1.68,-1.5,-1.63,TMRVL
