Report Date,2019-06-30 00:00:00,2019-09-30 00:00:00,2019-12-31 00:00:00,2020-03-31 00:00:00,2020-06-30 00:00:00,2020-09-30 00:00:00,2020-12-31 00:00:00,2021-03-31 00:00:00,2021-06-30 00:00:00,2021-09-30 00:00:00,Company_Name
Sales,11.46,19.46,17.72,12.21,9.59,15.66,19.59,18.05,13.01,20.97,TOKYOPLAST
Expenses,11.71,16.84,16.36,12.03,10.22,14.47,17.48,17.15,12.15,19.61,TOKYOPLAST
Other Income,,0.16,0.05,-0.18,,,,0.01,0.02,,TOKYOPLAST
Depreciation,0.72,0.67,0.7,0.7,0.68,0.64,0.65,0.72,0.68,0.79,TOKYOPLAST
Interest,0.28,0.27,0.29,0.23,0.22,0.2,0.14,0.23,0.19,0.35,TOKYOPLAST
Profit before tax,-1.25,1.84,0.42,-0.93,-1.53,0.35,1.32,-0.04,0.01,0.22,TOKYOPLAST
Tax,-0.03,0.02,0.18,-0.88,-0.05,0.04,0.04,-0.05,,-0.01,TOKYOPLAST
Net profit,-1.21,1.82,0.24,-0.04,-1.48,0.3,1.29,0.01,0.01,0.23,TOKYOPLAST
Operating Profit,-0.25,2.62,1.36,0.18,-0.63,1.19,2.11,0.9,0.86,1.36,TOKYOPLAST
