Report Date,Unnamed: 1,2019-09-30 00:00:00,2019-12-31 00:00:00,2020-03-31 00:00:00,2020-06-30 00:00:00,2020-09-30 00:00:00,2020-12-31 00:00:00,2021-03-31 00:00:00,2021-06-30 00:00:00,2021-09-30 00:00:00,Company_Name
Sales,,79.68,90.79,90.67,56.96,54.7,66.47,86.68,91.06,125.17,TOTAL
Expenses,,75.32,88.8,91.21,60.97,50.71,65.03,82.42,87.47,120.63,TOTAL
Other Income,,0.03,,0.01,,0.01,,0.17,,0.06,TOTAL
Depreciation,,0.31,0.31,0.3,0.25,0.19,0.23,0.19,0.18,0.21,TOTAL
Interest,,0.5,0.53,0.62,0.58,0.58,0.54,0.52,0.63,0.16,TOTAL
Profit before tax,,3.58,1.15,-1.45,-4.84,3.23,0.67,3.72,2.78,4.23,TOTAL
Tax,,,,-0.06,,,0.08,0.69,0.6,1.56,TOTAL
Net profit,,3.59,1.15,-1.39,-4.84,3.23,0.6,3.03,2.18,2.67,TOTAL
Operating Profit,,4.36,1.99,-0.54,-4.01,3.99,1.44,4.26,3.59,4.54,TOTAL
