Report Date,2019-06-30 00:00:00,2019-09-30 00:00:00,2019-12-31 00:00:00,2020-03-31 00:00:00,2020-06-30 00:00:00,2020-09-30 00:00:00,2020-12-31 00:00:00,2021-03-31 00:00:00,2021-06-30 00:00:00,2021-09-30 00:00:00,Company_Name
Sales,1305.33,1321.93,1081.71,990.49,707.93,1171.44,1289.93,1349.99,1477.01,1662.57,TRIDENT
Expenses,1009.17,1066.63,937.7,845.29,594.65,947.64,1051.79,1114.43,1097.41,1259.75,TRIDENT
Other Income,7.8,3.69,9.69,6.77,5.43,3.15,62.04,-27.8,2.85,10.1,TRIDENT
Depreciation,84.63,84.89,82.24,81.54,82.41,83.1,82.96,87.99,87.41,86.72,TRIDENT
Interest,35.84,27.07,23.44,27.77,23.1,12.3,13.21,23.39,25.0,19.87,TRIDENT
Profit before tax,183.49,147.03,48.02,42.66,13.2,131.55,204.01,96.38,270.04,306.33,TRIDENT
Tax,60.25,9.94,6.12,3.1,3.1,31.31,44.25,20.75,66.54,77.53,TRIDENT
Net profit,123.24,137.09,41.9,39.56,10.1,100.24,159.76,75.63,203.5,228.8,TRIDENT
Operating Profit,296.16,255.3,144.01,145.2,113.28,223.8,238.14,235.56,379.6,402.82,TRIDENT
