Report Date,2019-06-30 00:00:00,2019-09-30 00:00:00,2019-12-31 00:00:00,2020-03-31 00:00:00,2020-06-30 00:00:00,2020-09-30 00:00:00,2020-12-31 00:00:00,2021-03-31 00:00:00,2021-06-30 00:00:00,2021-09-30 00:00:00,Company_Name
Sales,15.33,20.04,20.35,20.51,20.1,19.17,17.69,31.28,22.48,24.46,TRIGYN
Expenses,14.2,17.91,18.21,27.81,18.3,16.67,18.44,32.36,22.67,26.44,TRIGYN
Other Income,0.25,5.18,0.2,11.47,0.53,0.19,0.05,7.66,0.41,5.52,TRIGYN
Depreciation,0.5,0.52,0.52,0.54,0.46,1.1,0.73,0.77,0.82,0.86,TRIGYN
Interest,0.24,0.52,0.47,0.43,0.44,0.56,0.39,0.57,0.52,0.52,TRIGYN
Profit before tax,0.64,6.27,1.35,3.2,1.43,1.03,-1.82,5.24,-1.12,2.16,TRIGYN
Tax,0.28,3.04,0.49,1.44,1.03,0.79,-0.12,1.17,-0.01,0.77,TRIGYN
Net profit,0.36,3.23,0.86,1.76,0.38,0.24,-1.69,4.08,-1.1,1.39,TRIGYN
Operating Profit,1.13,2.13,2.14,-7.3,1.8,2.5,-0.75,-1.08,-0.19,-1.98,TRIGYN
