Report Date,2019-06-30 00:00:00,2019-09-30 00:00:00,2019-12-31 00:00:00,2020-03-31 00:00:00,2020-06-30 00:00:00,2020-09-30 00:00:00,2020-12-31 00:00:00,2021-03-31 00:00:00,2021-06-30 00:00:00,2021-09-30 00:00:00,Company_Name
Sales,141.93,136.87,130.86,100.02,35.69,144.44,174.21,138.29,116.11,154.25,UCALFUEL
Expenses,115.94,112.67,112.89,98.15,38.26,121.78,147.36,131.33,105.79,137.93,UCALFUEL
Other Income,1.07,3.54,2.32,-104.35,1.36,1.59,1.33,0.38,0.56,1.59,UCALFUEL
Depreciation,4.91,4.88,4.45,6.28,5.26,5.1,5.18,5.54,4.36,5.56,UCALFUEL
Interest,5.19,4.6,5.13,6.93,4.83,7.19,5.27,6.28,5.06,5.93,UCALFUEL
Profit before tax,16.96,18.26,10.71,-115.69,-11.3,11.96,17.73,-4.48,1.46,6.42,UCALFUEL
Tax,2.84,11.08,4.48,-2.41,-3.88,4.03,-19.22,-2.35,0.54,2.14,UCALFUEL
Net profit,14.13,7.18,6.22,-113.28,-7.41,7.94,36.94,-2.14,0.93,4.27,UCALFUEL
Operating Profit,25.99,24.2,17.97,1.87,-2.57,22.66,26.85,6.96,10.32,16.32,UCALFUEL
