Report Date,2019-06-30 00:00:00,2019-09-30 00:00:00,2019-12-31 00:00:00,2020-03-31 00:00:00,2020-06-30 00:00:00,2020-09-30 00:00:00,2020-12-31 00:00:00,2021-03-31 00:00:00,2021-06-30 00:00:00,2021-09-30 00:00:00,Company_Name
Sales,15.35,13.76,17.1,16.24,15.38,17.6,20.53,12.81,20.67,18.77,UNITEDTEA
Expenses,12.71,9.79,12.43,14.75,11.14,14.5,16.62,13.27,16.31,14.52,UNITEDTEA
Other Income,0.93,1.5,1.63,-0.14,2.9,1.52,2.45,1.15,1.55,1.81,UNITEDTEA
Depreciation,0.67,0.68,0.69,0.73,0.75,0.78,0.89,1.21,0.88,0.88,UNITEDTEA
Interest,0.02,0.02,,0.01,0.02,0.02,0.02,-0.01,0.03,0.03,UNITEDTEA
Profit before tax,2.88,4.77,5.61,0.61,6.37,3.82,5.45,-0.51,5.0,5.15,UNITEDTEA
Tax,0.7,1.09,0.92,0.46,1.5,0.81,0.82,-0.24,0.93,0.83,UNITEDTEA
Net profit,2.18,3.69,4.69,0.15,4.87,3.01,4.63,-0.27,4.07,4.33,UNITEDTEA
Operating Profit,2.64,3.97,4.67,1.49,4.24,3.1,3.91,-0.46,4.36,4.25,UNITEDTEA
