Report Date,2019-06-30 00:00:00,2019-09-30 00:00:00,2019-12-31 00:00:00,2020-03-31 00:00:00,2020-06-30 00:00:00,2020-09-30 00:00:00,2020-12-31 00:00:00,2021-03-31 00:00:00,2021-06-30 00:00:00,2021-09-30 00:00:00,Company_Name
Sales,426.39,375.21,395.55,371.8,205.05,283.71,370.38,421.53,278.16,451.16,UNIVCABLES
Expenses,379.12,338.38,353.84,331.66,191.83,268.13,340.3,389.58,248.79,435.56,UNIVCABLES
Other Income,3.42,7.5,2.93,1.08,2.31,6.4,3.43,1.33,3.39,10.48,UNIVCABLES
Depreciation,5.4,5.6,5.45,6.09,6.24,6.45,6.93,6.73,6.4,6.3,UNIVCABLES
Interest,17.0,17.72,21.09,21.45,16.42,15.09,15.13,16.2,16.3,17.29,UNIVCABLES
Profit before tax,28.29,21.01,18.1,13.68,-7.13,0.44,11.45,10.35,10.06,2.49,UNIVCABLES
Tax,9.64,0.86,4.21,1.84,-1.78,-0.74,2.94,2.53,2.61,-0.17,UNIVCABLES
Net profit,18.66,20.16,13.89,11.85,-5.34,1.18,8.51,7.82,7.46,2.66,UNIVCABLES
Operating Profit,47.27,36.83,41.71,40.14,13.22,15.58,30.08,31.95,29.37,15.6,UNIVCABLES
