Report Date,Unnamed: 1,2019-09-30 00:00:00,2019-12-31 00:00:00,2020-03-31 00:00:00,2020-06-30 00:00:00,2020-09-30 00:00:00,2020-12-31 00:00:00,2021-03-31 00:00:00,2021-06-30 00:00:00,2021-09-30 00:00:00,Company_Name
Sales,,218.08,219.43,179.77,210.05,225.95,260.32,244.24,275.71,272.53,UTIAMC
Expenses,,109.67,100.61,127.9,118.37,99.95,134.87,106.03,116.97,120.1,UTIAMC
Other Income,,10.74,7.52,4.9,7.72,1.19,5.98,3.42,0.05,0.52,UTIAMC
Depreciation,,7.83,7.97,9.85,7.63,8.68,9.01,8.53,8.49,8.52,UTIAMC
Interest,,1.94,1.88,3.72,1.12,2.32,2.26,2.28,2.3,2.07,UTIAMC
Profit before tax,,109.38,116.49,43.2,90.65,116.19,120.16,130.82,148.0,142.36,UTIAMC
Tax,,-9.99,29.41,12.55,21.57,27.8,39.43,17.36,29.0,21.97,UTIAMC
Net profit,,119.37,87.08,30.65,69.09,88.39,80.73,113.46,119.0,120.39,UTIAMC
Operating Profit,,108.41,118.82,51.87,91.68,126.0,125.45,138.21,158.74,152.43,UTIAMC
