Report Date,2019-06-30 00:00:00,2019-09-30 00:00:00,2019-12-31 00:00:00,2020-03-31 00:00:00,2020-06-30 00:00:00,2020-09-30 00:00:00,2020-12-31 00:00:00,2021-03-31 00:00:00,2021-06-30 00:00:00,2021-09-30 00:00:00,Company_Name
Sales,360.75,300.68,426.68,556.72,409.46,422.51,433.26,553.36,449.92,476.4,UTTAMSUGAR
Expenses,310.71,292.58,383.34,476.0,336.97,406.9,389.07,469.64,377.21,450.1,UTTAMSUGAR
Other Income,1.51,4.13,2.97,1.82,1.7,1.71,1.51,3.69,3.03,2.66,UTTAMSUGAR
Depreciation,6.92,6.95,8.03,7.34,7.08,7.15,7.22,7.07,7.69,7.99,UTTAMSUGAR
Interest,21.23,21.52,18.93,17.29,22.1,21.78,20.02,22.21,21.59,20.61,UTTAMSUGAR
Profit before tax,23.4,-16.24,19.35,57.91,45.01,-11.61,18.46,58.13,46.46,0.36,UTTAMSUGAR
Tax,8.27,-4.48,6.03,22.98,16.32,-3.15,6.76,30.3,12.27,-0.08,UTTAMSUGAR
Net profit,15.13,-11.76,13.32,34.93,28.69,-8.46,11.7,27.83,34.19,0.44,UTTAMSUGAR
Operating Profit,50.04,8.1,43.34,80.72,72.49,15.61,44.19,83.72,72.71,26.3,UTTAMSUGAR
