Report Date,2019-06-30 00:00:00,2019-09-30 00:00:00,2019-12-31 00:00:00,2020-03-31 00:00:00,2020-06-30 00:00:00,2020-09-30 00:00:00,2020-12-31 00:00:00,2021-03-31 00:00:00,2021-06-30 00:00:00,2021-09-30 00:00:00,Company_Name
Sales,2455.75,1338.73,835.61,1313.66,1410.59,1314.56,837.64,1799.15,1985.32,1710.56,VBL
Expenses,1754.75,1065.34,796.77,1092.94,1094.48,1055.04,774.94,1479.98,1519.45,1381.39,VBL
Other Income,12.79,11.52,59.11,-36.0,10.72,0.78,29.96,6.05,9.13,8.35,VBL
Depreciation,99.85,103.88,109.32,106.89,98.43,104.48,103.02,105.08,97.03,99.78,VBL
Interest,76.65,82.27,67.43,72.77,68.96,51.53,55.76,44.85,43.98,32.53,VBL
Profit before tax,537.29,98.76,-78.8,5.06,159.44,104.29,-66.12,175.29,333.99,205.21,VBL
Tax,155.19,33.53,-24.56,-71.8,37.49,24.81,-14.24,50.04,95.91,59.29,VBL
Net profit,382.1,65.23,-54.24,76.87,121.95,79.49,-51.88,125.24,238.08,145.92,VBL
Operating Profit,701.0,273.39,38.84,220.72,316.11,259.52,62.7,319.17,465.87,329.17,VBL
