Report Date,2019-06-30 00:00:00,2019-09-30 00:00:00,2019-12-31 00:00:00,2020-03-31 00:00:00,2020-06-30 00:00:00,2020-09-30 00:00:00,2020-12-31 00:00:00,2021-03-31 00:00:00,2021-06-30 00:00:00,2021-09-30 00:00:00,Company_Name
Sales,70.82,80.08,92.23,79.22,179.71,118.41,114.07,102.44,136.85,192.64,VENUSREM
Expenses,60.65,65.54,80.27,72.82,158.92,113.25,101.03,94.57,117.49,164.7,VENUSREM
Other Income,0.42,0.73,1.61,-7.99,-7.66,19.33,5.62,23.92,1.92,2.96,VENUSREM
Depreciation,8.26,8.34,8.23,6.22,8.33,8.35,8.42,9.18,8.37,8.46,VENUSREM
Interest,6.01,4.91,4.01,-1.88,2.79,7.33,1.73,0.87,,,VENUSREM
Profit before tax,-3.68,2.02,1.33,-5.93,2.01,8.81,8.51,21.74,12.91,22.44,VENUSREM
Tax,,0.16,0.99,0.82,,1.49,2.21,-16.91,-1.68,-1.69,VENUSREM
Net profit,-3.69,1.86,0.35,-6.74,2.01,7.33,6.29,38.65,14.59,24.13,VENUSREM
Operating Profit,10.17,14.54,11.96,6.4,20.79,5.16,13.04,7.87,19.36,27.94,VENUSREM
