Report Date,2019-06-30 00:00:00,2019-09-30 00:00:00,2019-12-31 00:00:00,2020-03-31 00:00:00,2020-06-30 00:00:00,2020-09-30 00:00:00,2020-12-31 00:00:00,2021-03-31 00:00:00,2021-06-30 00:00:00,2021-09-30 00:00:00,Company_Name
Sales,304.68,299.38,343.76,291.53,245.63,300.33,286.9,278.12,275.35,271.6,VSTIND
Expenses,189.54,202.93,235.4,196.83,146.31,187.28,186.95,179.85,183.4,167.28,VSTIND
Other Income,11.75,12.27,11.06,12.28,11.6,14.69,9.18,6.31,9.25,10.24,VSTIND
Depreciation,9.35,9.3,10.26,12.85,8.9,8.92,9.4,7.85,6.39,7.13,VSTIND
Interest,,,,,,,,,,,VSTIND
Profit before tax,117.54,99.42,109.16,94.13,102.02,118.82,99.73,96.73,94.81,107.43,VSTIND
Tax,41.86,23.1,27.68,23.52,26.31,30.28,26.02,23.9,24.37,27.55,VSTIND
Net profit,75.68,76.32,81.48,70.61,75.71,88.54,73.71,72.83,70.44,79.88,VSTIND
Operating Profit,115.14,96.45,108.36,94.7,99.32,113.05,99.95,98.27,91.95,104.32,VSTIND
