Report Date,2019-06-30 00:00:00,2019-09-30 00:00:00,2019-12-31 00:00:00,2020-03-31 00:00:00,2020-06-30 00:00:00,2020-09-30 00:00:00,2020-12-31 00:00:00,2021-03-31 00:00:00,2021-06-30 00:00:00,2021-09-30 00:00:00,Company_Name
Sales,538.33,831.19,1452.98,1430.89,1039.09,1054.7,1310.21,1238.11,719.32,928.45,WELCORP
Expenses,596.45,814.13,1292.58,1303.22,941.98,885.65,1142.64,1113.47,641.09,872.99,WELCORP
Other Income,294.16,38.9,19.07,49.71,635.2,70.03,69.1,94.0,34.01,53.17,WELCORP
Depreciation,27.74,33.8,31.69,30.17,23.77,22.8,24.68,26.09,25.68,25.21,WELCORP
Interest,28.82,27.63,27.97,26.95,23.12,10.53,7.34,8.63,13.6,15.77,WELCORP
Profit before tax,179.48,-5.47,119.81,120.26,685.42,205.75,204.65,183.92,72.96,67.65,WELCORP
Tax,25.69,2.93,50.85,66.47,132.31,70.64,64.53,10.15,18.45,17.59,WELCORP
Net profit,153.79,-8.4,68.96,53.79,553.11,135.11,140.12,173.77,54.51,50.06,WELCORP
Operating Profit,-58.12,17.06,160.4,127.67,97.11,169.05,167.57,124.64,78.23,55.46,WELCORP
