Report Date,2019-06-30 00:00:00,2019-09-30 00:00:00,2019-12-31 00:00:00,2020-03-31 00:00:00,2020-06-30 00:00:00,2020-09-30 00:00:00,2020-12-31 00:00:00,2021-03-31 00:00:00,2021-06-30 00:00:00,2021-09-30 00:00:00,Company_Name
Sales,68.85,62.71,57.29,54.93,27.56,59.75,83.94,115.98,42.65,82.52,WINDMACHIN
Expenses,64.78,61.01,58.54,60.8,30.46,54.34,72.25,100.94,43.4,73.14,WINDMACHIN
Other Income,4.04,1.5,4.1,-23.28,0.42,0.33,0.06,-0.55,0.84,0.31,WINDMACHIN
Depreciation,3.33,3.36,3.44,3.43,3.36,3.39,3.38,3.3,3.32,3.33,WINDMACHIN
Interest,2.59,2.4,2.19,2.55,2.06,2.07,2.03,1.99,1.48,1.62,WINDMACHIN
Profit before tax,2.19,-2.56,-2.78,-35.13,-7.9,0.28,6.34,9.2,-4.71,4.74,WINDMACHIN
Tax,-10.13,-7.47,-0.68,-6.24,-0.7,-0.65,-0.57,-3.06,-1.21,1.36,WINDMACHIN
Net profit,12.32,4.91,-2.1,-28.9,-7.2,0.93,6.91,12.27,-3.49,3.38,WINDMACHIN
Operating Profit,4.07,1.7,-1.25,-5.87,-2.9,5.41,11.69,15.04,-0.75,9.38,WINDMACHIN
