Report Date,2019-06-30 00:00:00,2019-09-30 00:00:00,2019-12-31 00:00:00,2020-03-31 00:00:00,2020-06-30 00:00:00,2020-09-30 00:00:00,2020-12-31 00:00:00,2021-03-31 00:00:00,2021-06-30 00:00:00,2021-09-30 00:00:00,Company_Name
Sales,3002.07,2845.58,3647.13,2863.86,514.69,1054.98,1686.62,1877.09,1089.73,1342.6,21STCENMGM
Expenses,2382.47,2962.96,3240.7,3266.69,710.03,850.83,1441.75,1956.48,1509.73,1645.1,21STCENMGM
Other Income,143.19,227.92,270.21,193.48,189.88,237.99,220.1,249.41,176.12,196.1,21STCENMGM
Depreciation,377.28,436.27,464.66,455.73,448.23,415.58,380.3,313.84,347.91,341.62,21STCENMGM
Interest,123.84,136.85,138.75,142.0,139.72,139.15,141.63,91.52,137.29,113.68,21STCENMGM
Profit before tax,261.67,-462.58,73.23,-807.08,-593.41,-112.59,-56.96,-235.34,-729.08,-561.7,21STCENMGM
Tax,,,,,,,,,,,21STCENMGM
Net profit,261.67,-462.58,73.22,-807.08,-593.41,-112.59,-56.96,-235.34,-729.08,-561.7,21STCENMGM
Operating Profit,619.6,-117.38,406.43,-402.83,-195.34,204.15,244.87,-79.39,-420.0,-302.5,21STCENMGM
