Report Date,2019-06-30 00:00:00,2019-09-30 00:00:00,2019-12-31 00:00:00,2020-03-31 00:00:00,2020-06-30 00:00:00,2020-09-30 00:00:00,2020-12-31 00:00:00,2021-03-31 00:00:00,2021-06-30 00:00:00,2021-09-30 00:00:00,Company_Name
Sales,66.2,63.56,59.65,110.68,25.22,49.82,95.12,178.25,97.52,134.65,AAREYDRUGS
Expenses,64.94,62.45,58.34,111.17,23.71,49.5,94.67,175.89,94.59,131.23,AAREYDRUGS
Other Income,1.51,0.92,0.85,3.42,0.74,2.55,2.09,1.64,0.67,0.81,AAREYDRUGS
Depreciation,0.25,0.28,0.25,0.11,0.22,0.22,0.22,0.25,0.4,0.5,AAREYDRUGS
Interest,0.42,0.46,0.5,0.37,0.47,0.8,0.61,0.56,0.47,0.61,AAREYDRUGS
Profit before tax,2.1,1.29,1.41,2.45,1.56,1.85,1.71,3.19,2.73,3.12,AAREYDRUGS
Tax,,,,1.45,0.2,,,1.78,0.22,0.28,AAREYDRUGS
Net profit,2.1,1.3,1.4,1.0,1.36,1.85,1.7,1.41,2.51,2.84,AAREYDRUGS
Operating Profit,1.26,1.11,1.31,-0.49,1.51,0.32,0.45,2.36,2.93,3.42,AAREYDRUGS
