Report Date,2019-06-30 00:00:00,2019-09-30 00:00:00,2019-12-31 00:00:00,2020-03-31 00:00:00,2020-06-30 00:00:00,2020-09-30 00:00:00,2020-12-31 00:00:00,2021-03-31 00:00:00,2021-06-30 00:00:00,2021-09-30 00:00:00,Company_Name
Sales,370.02,442.71,415.61,406.57,475.55,515.16,472.1,452.08,505.79,510.7,AARTIDRUGS
Expenses,317.72,377.5,356.31,338.97,359.45,406.18,374.28,373.69,431.52,441.57,AARTIDRUGS
Other Income,0.1,0.22,0.13,8.99,1.24,0.26,4.29,0.85,1.64,0.89,AARTIDRUGS
Depreciation,11.29,11.55,11.85,11.99,11.92,11.97,12.05,11.66,11.76,11.8,AARTIDRUGS
Interest,8.79,8.08,8.08,7.24,6.39,6.98,4.9,4.34,4.11,5.11,AARTIDRUGS
Profit before tax,32.32,45.8,39.5,57.36,99.03,90.29,85.16,63.24,60.04,53.11,AARTIDRUGS
Tax,10.75,15.0,12.75,0.8,26.0,20.51,20.5,13.0,14.5,12.5,AARTIDRUGS
Net profit,21.57,30.8,26.75,56.56,73.03,69.78,64.66,50.24,45.54,40.61,AARTIDRUGS
Operating Profit,52.3,65.21,59.3,67.6,116.1,108.98,97.82,78.39,74.27,69.13,AARTIDRUGS
