Report Date,2019-06-30 00:00:00,2019-09-30 00:00:00,2019-12-31 00:00:00,2020-03-31 00:00:00,2020-06-30 00:00:00,2020-09-30 00:00:00,2020-12-31 00:00:00,2021-03-31 00:00:00,2021-06-30 00:00:00,2021-09-30 00:00:00,Company_Name
Sales,2065.46,2297.18,2562.46,1817.43,319.96,1018.59,2059.0,1783.59,774.02,1996.02,ABFRL
Expenses,1751.4,1951.02,2153.36,1673.85,671.28,955.18,1647.48,1526.59,935.82,1681.37,ABFRL
Other Income,17.51,16.22,14.48,16.88,176.54,75.69,14.1,20.21,24.15,22.18,ABFRL
Depreciation,202.24,221.33,220.78,232.47,233.4,237.54,227.09,246.97,227.49,231.06,ABFRL
Interest,94.19,105.22,104.69,106.16,125.28,143.98,109.74,119.59,83.79,86.04,ABFRL
Profit before tax,35.14,35.83,98.11,-178.17,-533.46,-242.42,88.79,-89.35,-448.93,19.73,ABFRL
Tax,13.58,28.93,131.47,-37.88,-133.55,-61.14,22.4,45.49,-113.71,5.64,ABFRL
Net profit,21.56,6.9,-33.36,-140.29,-399.91,-181.28,66.39,-134.84,-335.22,14.09,ABFRL
Operating Profit,314.06,346.16,409.1,143.58,-351.32,63.41,411.52,257.0,-161.8,314.65,ABFRL
