Report Date,2019-06-30 00:00:00,2019-09-30 00:00:00,2019-12-31 00:00:00,2020-03-31 00:00:00,2020-06-30 00:00:00,2020-09-30 00:00:00,2020-12-31 00:00:00,2021-03-31 00:00:00,2021-06-30 00:00:00,2021-09-30 00:00:00,Company_Name
Sales,58.51,58.91,61.51,68.42,61.41,72.32,79.15,70.61,72.75,64.91,ADVENZYMES
Expenses,39.55,43.34,42.2,45.48,38.25,43.68,52.26,48.68,46.33,47.26,ADVENZYMES
Other Income,1.64,1.1,4.97,1.29,0.73,1.74,1.77,2.58,0.94,1.9,ADVENZYMES
Depreciation,2.13,2.19,2.24,2.25,2.12,2.16,2.22,2.44,2.27,2.29,ADVENZYMES
Interest,0.28,0.22,0.24,0.37,0.04,0.02,0.02,0.01,0.01,0.01,ADVENZYMES
Profit before tax,18.19,14.26,21.8,21.61,21.73,28.2,26.42,22.06,25.08,17.25,ADVENZYMES
Tax,4.92,3.11,4.27,5.6,6.41,8.07,6.11,6.83,6.53,4.4,ADVENZYMES
Net profit,13.27,11.15,17.53,16.01,15.32,20.13,20.32,15.24,18.55,12.84,ADVENZYMES
Operating Profit,18.96,15.57,19.31,22.94,23.16,28.64,26.89,21.93,26.42,17.65,ADVENZYMES
