Report Date,2019-06-30 00:00:00,2019-09-30 00:00:00,2019-12-31 00:00:00,2020-03-31 00:00:00,2020-06-30 00:00:00,2020-09-30 00:00:00,2020-12-31 00:00:00,2021-03-31 00:00:00,2021-06-30 00:00:00,2021-09-30 00:00:00,Company_Name
Sales,266.23,234.97,256.91,234.77,245.15,291.27,323.89,382.13,391.81,348.69,ALKYLAMINE
Expenses,207.08,177.26,184.34,167.19,167.77,196.01,200.8,248.77,281.09,273.23,ALKYLAMINE
Other Income,1.33,0.89,35.01,2.62,1.18,2.71,1.66,1.45,2.23,4.18,ALKYLAMINE
Depreciation,6.4,6.51,6.8,7.2,7.02,7.21,7.57,7.27,7.55,7.7,ALKYLAMINE
Interest,3.63,2.59,2.13,1.89,1.92,1.62,1.37,1.42,1.09,1.0,ALKYLAMINE
Profit before tax,50.45,49.5,98.65,61.11,69.62,89.14,115.81,126.12,104.31,70.94,ALKYLAMINE
Tax,15.36,-4.39,21.56,11.9,16.83,23.66,31.32,33.52,25.77,16.85,ALKYLAMINE
Net profit,35.09,53.89,77.09,49.21,52.78,65.47,84.49,92.6,78.54,54.09,ALKYLAMINE
Operating Profit,59.15,57.71,72.57,67.58,77.38,95.26,123.09,133.36,110.72,75.46,ALKYLAMINE
