Report Date,2019-06-30 00:00:00,2019-09-30 00:00:00,2019-12-31 00:00:00,2020-03-31 00:00:00,2020-06-30 00:00:00,2020-09-30 00:00:00,2020-12-31 00:00:00,2021-03-31 00:00:00,2021-06-30 00:00:00,2021-09-30 00:00:00,Company_Name
Sales,817.38,811.06,824.87,707.22,345.46,781.7,1164.18,1446.41,1223.07,1873.45,ALOKINDS
Expenses,797.12,817.65,862.83,976.13,676.47,1074.38,1027.19,1411.38,1124.86,1755.91,ALOKINDS
Other Income,65.19,1.18,2.63,2068.74,-8258.71,5023.77,6.82,8.68,5.32,5.53,ALOKINDS
Depreciation,139.44,135.87,136.42,117.72,132.01,54.07,52.99,46.37,82.49,83.08,ALOKINDS
Interest,12.94,11.91,17.71,50.07,115.74,124.5,119.57,115.52,113.48,114.51,ALOKINDS
Profit before tax,-66.93,-153.19,-189.46,1632.04,-8837.47,4552.52,-28.75,-118.18,-92.44,-74.52,ALOKINDS
Tax,,,,-0.73,1355.33,109.58,,-41.8,,,ALOKINDS
Net profit,-66.93,-153.19,-189.46,1632.77,-10192.8,4442.94,-28.75,-76.38,-92.44,-74.52,ALOKINDS
Operating Profit,20.26,-6.59,-37.96,-268.91,-331.01,-292.68,136.99,35.03,98.21,117.54,ALOKINDS
