Report Date,2019-06-30 00:00:00,2019-09-30 00:00:00,2019-12-31 00:00:00,2020-03-31 00:00:00,2020-06-30 00:00:00,2020-09-30 00:00:00,2020-12-31 00:00:00,2021-03-31 00:00:00,2021-06-30 00:00:00,2021-09-30 00:00:00,Company_Name
Sales,41.0,56.07,34.89,10.95,0.08,,0.02,,,,ANDHRACEMT
Expenses,37.71,49.74,40.85,22.35,10.78,6.19,5.75,6.61,5.67,8.49,ANDHRACEMT
Other Income,0.21,0.22,0.21,0.08,0.99,0.13,0.15,0.18,0.14,0.14,ANDHRACEMT
Depreciation,11.94,12.0,11.97,11.92,11.93,11.97,11.94,11.69,11.64,11.68,ANDHRACEMT
Interest,28.64,31.28,30.68,31.14,33.79,36.36,33.22,26.35,38.7,37.58,ANDHRACEMT
Profit before tax,-37.08,-36.73,-48.4,-54.38,-55.43,-54.39,-50.74,-44.47,-55.87,-57.61,ANDHRACEMT
Tax,-0.14,-8.14,,,,,,,,,ANDHRACEMT
Net profit,-36.94,-28.59,-48.4,-54.38,-55.43,-54.39,-50.74,-44.47,-55.87,-57.61,ANDHRACEMT
Operating Profit,3.29,6.33,-5.96,-11.4,-10.7,-6.19,-5.73,-6.61,-5.67,-8.49,ANDHRACEMT
