Report Date,2019-06-30 00:00:00,2019-09-30 00:00:00,2019-12-31 00:00:00,2020-03-31 00:00:00,2020-06-30 00:00:00,2020-09-30 00:00:00,2020-12-31 00:00:00,2021-03-31 00:00:00,2021-06-30 00:00:00,2021-09-30 00:00:00,Company_Name
Sales,18.1,12.42,12.18,16.01,5.24,23.27,12.34,64.59,30.2,45.75,ARIHANTSUP
Expenses,16.6,12.95,10.19,14.34,5.72,21.88,13.18,52.02,22.12,30.15,ARIHANTSUP
Other Income,0.68,0.42,0.56,0.8,0.81,0.13,0.34,0.29,0.44,0.82,ARIHANTSUP
Depreciation,0.16,0.18,0.18,0.27,0.21,0.21,0.17,0.15,0.14,0.1,ARIHANTSUP
Interest,1.96,2.24,1.75,1.79,2.64,2.34,1.71,2.93,0.54,0.49,ARIHANTSUP
Profit before tax,0.06,-2.53,0.62,0.41,-2.52,-1.03,-2.38,9.78,7.84,15.83,ARIHANTSUP
Tax,-0.03,-0.04,-0.05,0.1,-0.02,-0.03,-0.05,0.06,0.45,2.84,ARIHANTSUP
Net profit,0.08,-2.48,0.67,0.31,-2.49,-1.0,-2.33,9.72,7.39,12.98,ARIHANTSUP
Operating Profit,1.5,-0.53,1.99,1.67,-0.48,1.39,-0.84,12.57,8.08,15.6,ARIHANTSUP
