Report Date,2019-06-30 00:00:00,2019-09-30 00:00:00,2019-12-31 00:00:00,2020-03-31 00:00:00,2020-06-30 00:00:00,2020-09-30 00:00:00,2020-12-31 00:00:00,2021-03-31 00:00:00,2021-06-30 00:00:00,2021-09-30 00:00:00,Company_Name
Sales,135.71,147.25,142.77,137.36,61.68,90.88,122.27,127.23,120.48,136.32,ARTEMISMED
Expenses,120.75,129.86,125.93,124.31,70.6,82.97,106.21,107.23,107.5,116.74,ARTEMISMED
Other Income,0.58,1.23,0.71,2.05,0.58,0.88,0.69,4.63,0.8,0.85,ARTEMISMED
Depreciation,5.45,5.63,5.66,5.59,5.55,5.15,5.1,4.84,4.81,4.88,ARTEMISMED
Interest,3.28,3.45,2.95,2.84,3.43,3.55,2.91,2.39,2.19,2.48,ARTEMISMED
Profit before tax,6.81,9.54,8.94,6.67,-17.32,0.09,8.74,17.4,6.78,13.07,ARTEMISMED
Tax,2.39,3.7,3.26,2.19,-5.77,-0.26,3.24,4.61,2.63,4.7,ARTEMISMED
Net profit,4.41,5.85,5.68,4.48,-11.55,0.35,5.49,12.79,4.16,8.36,ARTEMISMED
Operating Profit,14.96,17.39,16.84,13.05,-8.92,7.91,16.06,20.0,12.98,19.58,ARTEMISMED
