Report Date,2019-06-30 00:00:00,2019-09-30 00:00:00,2019-12-31 00:00:00,2020-03-31 00:00:00,2020-06-30 00:00:00,2020-09-30 00:00:00,2020-12-31 00:00:00,2021-03-31 00:00:00,2021-06-30 00:00:00,2021-09-30 00:00:00,Company_Name
Sales,171.76,277.96,199.11,205.28,29.65,58.4,151.13,59.12,71.4,139.87,ARVINDFASN
Expenses,162.29,270.52,196.79,174.66,34.75,46.93,119.72,76.63,66.08,128.54,ARVINDFASN
Other Income,2.16,3.25,3.3,-15.53,4.4,-41.15,3.81,1.95,2.63,2.04,ARVINDFASN
Depreciation,2.75,2.86,2.02,5.41,3.98,4.77,3.72,5.07,4.87,3.45,ARVINDFASN
Interest,7.58,8.61,11.44,9.69,12.37,9.72,7.15,2.19,2.93,4.17,ARVINDFASN
Profit before tax,1.3,-0.78,-7.84,-0.01,-17.05,-44.17,24.35,-22.82,0.15,5.75,ARVINDFASN
Tax,0.51,0.53,-3.57,0.09,0.66,0.04,-1.08,0.1,0.01,0.99,ARVINDFASN
Net profit,0.79,-1.31,-4.27,-0.1,-17.71,-44.21,25.43,-22.92,0.14,4.76,ARVINDFASN
Operating Profit,9.47,7.44,2.32,30.62,-5.1,11.47,31.41,-17.51,5.32,11.33,ARVINDFASN
