Report Date,2019-06-30 00:00:00,2019-09-30 00:00:00,2019-12-31 00:00:00,2020-03-31 00:00:00,2020-06-30 00:00:00,2020-09-30 00:00:00,2020-12-31 00:00:00,2021-03-31 00:00:00,2021-06-30 00:00:00,2021-09-30 00:00:00,Company_Name
Sales,3078.83,3221.66,3345.67,3638.39,3425.99,4548.5,3735.17,4114.03,2893.75,2883.18,AUROPHARMA
Expenses,2528.42,2590.45,2694.49,2799.21,2465.49,3340.98,2759.37,3138.0,2482.94,2543.45,AUROPHARMA
Other Income,30.14,33.64,37.98,156.5,120.96,43.17,158.32,267.42,43.95,82.37,AUROPHARMA
Depreciation,115.15,117.93,118.55,119.68,120.46,121.25,122.21,124.07,114.65,98.18,AUROPHARMA
Interest,31.95,24.86,21.31,20.3,10.44,6.45,5.86,5.93,5.06,3.44,AUROPHARMA
Profit before tax,433.45,522.06,549.3,855.7,950.56,1122.99,1006.05,1113.45,335.05,320.48,AUROPHARMA
Tax,102.95,123.93,130.23,138.06,243.03,326.06,270.14,240.87,119.98,122.8,AUROPHARMA
Net profit,330.5,398.13,419.07,717.64,707.53,796.93,735.91,872.58,215.07,197.68,AUROPHARMA
Operating Profit,550.41,631.21,651.18,839.18,960.5,1207.52,975.8,976.03,410.81,339.73,AUROPHARMA
