Report Date,2019-06-30 00:00:00,2019-09-30 00:00:00,2019-12-31 00:00:00,2020-03-31 00:00:00,2020-06-30 00:00:00,2020-09-30 00:00:00,2020-12-31 00:00:00,2021-03-31 00:00:00,2021-06-30 00:00:00,2021-09-30 00:00:00,Company_Name
Sales,91.69,100.55,99.27,118.5,139.83,206.63,178.33,132.18,185.69,150.91,BAJAJHCARE
Expenses,82.71,91.61,85.9,98.67,114.48,174.32,134.28,97.56,152.2,121.95,BAJAJHCARE
Other Income,0.41,0.12,0.12,2.86,0.9,2.09,1.76,2.15,0.68,0.12,BAJAJHCARE
Depreciation,2.94,2.95,2.85,3.38,3.76,3.98,3.96,4.43,4.13,4.41,BAJAJHCARE
Interest,1.83,1.57,1.65,1.39,2.05,2.17,1.92,2.15,2.79,2.5,BAJAJHCARE
Profit before tax,4.62,4.54,8.99,17.92,20.44,28.25,39.93,30.19,27.25,22.17,BAJAJHCARE
Tax,1.38,1.3,2.79,5.36,5.14,8.14,13.51,8.91,8.04,4.92,BAJAJHCARE
Net profit,3.24,3.24,6.2,12.56,15.29,20.12,26.42,21.28,19.22,17.25,BAJAJHCARE
Operating Profit,8.98,8.94,13.37,19.83,25.35,32.31,44.05,34.62,33.49,28.96,BAJAJHCARE
