Report Date,2019-06-30 00:00:00,2019-09-30 00:00:00,2019-12-31 00:00:00,2020-03-31 00:00:00,2020-06-30 00:00:00,2020-09-30 00:00:00,2020-12-31 00:00:00,2021-03-31 00:00:00,2021-06-30 00:00:00,2021-09-30 00:00:00,Company_Name
Sales,214.42,210.23,265.44,223.24,275.1,324.76,397.85,429.52,448.61,461.5,BCLIND
Expenses,200.32,194.55,251.11,211.24,259.1,304.83,378.15,403.31,422.9,430.65,BCLIND
Other Income,1.87,2.05,1.58,1.68,1.11,0.44,2.2,1.03,2.08,1.23,BCLIND
Depreciation,3.32,3.34,3.37,3.41,3.27,3.05,3.17,3.2,3.48,3.57,BCLIND
Interest,4.47,3.02,3.36,3.94,3.3,2.12,4.03,3.53,2.14,1.64,BCLIND
Profit before tax,8.18,11.37,9.18,6.33,10.54,15.2,14.7,20.51,22.17,26.87,BCLIND
Tax,1.62,3.83,0.69,2.89,3.0,2.88,3.94,5.9,5.22,5.84,BCLIND
Net profit,6.55,7.53,8.49,3.43,7.54,12.33,10.76,14.61,16.94,21.03,BCLIND
Operating Profit,14.1,15.68,14.33,12.0,16.0,19.93,19.7,26.21,25.71,30.85,BCLIND
