Report Date,Unnamed: 1,Unnamed: 2,2019-12-31 00:00:00,2020-03-31 00:00:00,2020-06-30 00:00:00,2020-09-30 00:00:00,2020-12-31 00:00:00,2021-03-31 00:00:00,2021-06-30 00:00:00,2021-09-30 00:00:00,Company_Name
Sales,,,188.2,182.41,195.96,218.49,212.69,210.62,213.99,230.4,BECTORFOOD
Expenses,,,163.12,159.14,162.36,182.54,176.27,183.87,187.54,199.57,BECTORFOOD
Other Income,,,0.65,4.97,0.85,6.57,1.13,1.28,1.42,6.08,BECTORFOOD
Depreciation,,,9.74,9.63,10.43,10.44,10.58,10.49,10.27,10.07,BECTORFOOD
Interest,,,3.71,3.47,3.06,2.42,1.92,2.13,1.66,1.14,BECTORFOOD
Profit before tax,,,12.28,15.14,20.96,29.66,25.05,15.41,15.94,25.7,BECTORFOOD
Tax,,,3.13,2.62,5.36,7.54,6.34,4.01,4.09,5.41,BECTORFOOD
Net profit,,,9.15,12.52,15.6,22.13,18.7,11.4,11.85,20.28,BECTORFOOD
Operating Profit,,,25.08,23.27,33.6,35.95,36.42,26.75,26.45,30.83,BECTORFOOD
