Report Date,2019-06-30 00:00:00,2019-09-30 00:00:00,2019-12-31 00:00:00,2020-03-31 00:00:00,2020-06-30 00:00:00,2020-09-30 00:00:00,2020-12-31 00:00:00,2021-03-31 00:00:00,2021-06-30 00:00:00,2021-09-30 00:00:00,Company_Name
Sales,1585.2,1429.88,1501.79,1174.82,826.14,1536.36,1861.87,1797.04,1619.21,1937.65,BERGEPAINT
Expenses,1298.66,1210.11,1241.21,983.92,712.64,1234.94,1483.67,1494.36,1398.42,1633.7,BERGEPAINT
Other Income,16.39,12.09,13.83,108.51,7.06,13.39,15.19,6.48,16.01,14.16,BERGEPAINT
Depreciation,41.8,42.57,42.93,43.22,44.41,47.28,46.79,47.64,47.46,48.92,BERGEPAINT
Interest,7.04,7.19,8.83,9.62,8.75,9.04,6.24,9.19,7.91,10.96,BERGEPAINT
Profit before tax,254.09,182.1,222.65,246.57,67.4,258.49,340.36,252.33,181.43,258.23,BERGEPAINT
Tax,89.64,7.74,57.07,51.92,17.6,65.77,86.79,67.64,46.34,66.44,BERGEPAINT
Net profit,164.45,174.36,165.58,194.65,49.8,192.72,253.57,184.69,135.09,191.79,BERGEPAINT
Operating Profit,286.54,219.77,260.58,190.9,113.5,301.42,378.2,302.68,220.79,303.95,BERGEPAINT
