Report Date,2019-06-30 00:00:00,2019-09-30 00:00:00,2019-12-31 00:00:00,2020-03-31 00:00:00,2020-06-30 00:00:00,2020-09-30 00:00:00,2020-12-31 00:00:00,2021-03-31 00:00:00,2021-06-30 00:00:00,2021-09-30 00:00:00,Company_Name
Sales,4531.68,6225.72,5679.35,5022.44,1990.9,3695.17,4451.36,7171.01,2901.32,5112.19,BHEL
Expenses,4798.41,5958.84,5350.64,5584.18,3049.8,4327.64,4630.97,8435.33,3375.33,5141.37,BHEL
Other Income,145.54,135.63,151.19,148.22,95.53,104.78,85.31,84.22,74.97,73.93,BHEL
Depreciation,114.81,119.29,114.48,154.28,118.49,115.2,112.79,126.57,111.19,42.8,BHEL
Interest,107.97,118.71,139.12,141.15,114.55,94.5,85.79,78.25,83.62,89.56,BHEL
Profit before tax,-343.97,164.51,226.3,-708.95,-1196.41,-737.39,-292.88,-1384.92,-593.85,-87.61,BHEL
Tax,-127.72,45.93,67.48,825.17,-299.26,-181.27,-61.89,-352.04,-148.45,-20.12,BHEL
Net profit,-216.25,118.58,158.82,-1534.12,-897.15,-556.12,-230.99,-1032.88,-445.4,-67.49,BHEL
Operating Profit,-266.73,266.88,328.71,-561.74,-1058.9,-632.47,-179.61,-1264.32,-474.01,-29.18,BHEL
