Report Date,2019-06-30 00:00:00,2019-09-30 00:00:00,2019-12-31 00:00:00,2020-03-31 00:00:00,2020-06-30 00:00:00,2020-09-30 00:00:00,2020-12-31 00:00:00,2021-03-31 00:00:00,2021-06-30 00:00:00,2021-09-30 00:00:00,Company_Name
Sales,130.87,204.93,143.15,95.72,41.73,159.99,99.65,95.4,75.56,168.87,BIL
Expenses,117.45,181.83,133.81,87.98,57.14,131.34,89.52,89.14,68.61,149.48,BIL
Other Income,0.76,0.77,0.79,0.77,0.75,0.75,0.74,2.04,0.75,0.74,BIL
Depreciation,1.9,1.97,1.98,2.88,2.17,2.04,2.2,1.95,2.0,2.02,BIL
Interest,5.66,6.26,5.7,5.34,5.42,8.09,3.49,6.17,5.59,5.73,BIL
Profit before tax,6.62,15.64,2.45,0.29,-22.25,19.27,5.18,0.18,0.11,12.38,BIL
Tax,2.25,0.79,0.59,-0.14,-4.63,3.15,1.91,0.37,-0.01,3.28,BIL
Net profit,4.37,14.84,1.86,0.44,-17.62,16.12,3.27,-0.2,0.13,9.09,BIL
Operating Profit,13.42,23.1,9.34,7.74,-15.41,28.65,10.13,6.26,6.95,19.39,BIL
