Report Date,2019-06-30 00:00:00,2019-09-30 00:00:00,2019-12-31 00:00:00,2020-03-31 00:00:00,2020-06-30 00:00:00,2020-09-30 00:00:00,2020-12-31 00:00:00,2021-03-31 00:00:00,2021-06-30 00:00:00,2021-09-30 00:00:00,Company_Name
Sales,115.16,104.01,124.82,97.97,114.02,118.83,127.44,105.23,133.03,174.43,BLISSGVS
Expenses,78.36,82.55,95.89,84.99,95.61,92.26,96.15,90.04,107.1,141.66,BLISSGVS
Other Income,1.79,12.29,5.61,17.31,6.95,3.18,3.25,4.3,7.9,5.99,BLISSGVS
Depreciation,1.87,2.49,2.06,2.42,3.43,3.45,3.48,3.4,3.48,3.45,BLISSGVS
Interest,0.61,0.76,0.92,4.34,1.52,0.03,0.63,2.01,1.3,0.54,BLISSGVS
Profit before tax,36.11,30.5,31.56,23.53,20.41,26.27,30.43,14.08,29.05,34.77,BLISSGVS
Tax,12.19,2.07,8.0,7.11,3.31,7.48,7.98,4.92,7.39,10.05,BLISSGVS
Net profit,23.92,28.44,23.56,16.42,17.1,18.79,22.46,9.16,21.66,24.73,BLISSGVS
Operating Profit,36.8,21.46,28.93,12.98,18.41,26.57,31.29,15.19,25.93,32.77,BLISSGVS
