Report Date,2019-06-30 00:00:00,2019-09-30 00:00:00,2019-12-31 00:00:00,2020-03-31 00:00:00,2020-06-30 00:00:00,2020-09-30 00:00:00,2020-12-31 00:00:00,2021-03-31 00:00:00,2021-06-30 00:00:00,2021-09-30 00:00:00,Company_Name
Sales,507.27,549.77,351.76,440.53,152.31,233.36,524.85,613.46,239.64,564.86,BRIGADE
Expenses,376.97,400.31,239.87,341.38,114.54,157.79,400.14,449.1,176.86,436.05,BRIGADE
Other Income,36.65,38.71,31.24,23.07,28.52,26.46,-13.33,17.8,27.39,39.76,BRIGADE
Depreciation,17.87,18.48,21.54,17.71,20.2,20.56,23.12,22.7,19.88,22.44,BRIGADE
Interest,49.68,51.49,50.89,48.44,50.13,51.48,50.58,45.4,39.35,36.28,BRIGADE
Profit before tax,99.4,118.2,70.7,56.07,-4.04,29.99,37.68,114.06,30.94,109.85,BRIGADE
Tax,35.44,42.78,-10.11,15.46,-0.88,7.58,11.0,15.43,8.21,27.79,BRIGADE
Net profit,63.96,75.42,80.81,40.61,-3.16,22.41,26.68,98.63,22.73,82.06,BRIGADE
Operating Profit,130.3,149.46,111.89,99.15,37.77,75.57,124.71,164.36,62.78,128.81,BRIGADE
