Report Date,2018-03-31 00:00:00,2019-09-30 00:00:00,2019-12-31 00:00:00,2020-03-31 00:00:00,2020-06-30 00:00:00,2020-09-30 00:00:00,2020-12-31 00:00:00,2021-03-31 00:00:00,2021-06-30 00:00:00,2021-09-30 00:00:00,Company_Name
Sales,11.59,10.42,29.71,48.92,73.71,17.63,51.8,28.21,84.16,17.18,BSHSL
Expenses,10.7,9.56,28.52,45.95,71.28,16.89,49.28,25.32,77.41,16.09,BSHSL
Other Income,-0.03,0.1,0.19,0.17,0.09,0.16,0.08,0.18,0.09,0.29,BSHSL
Depreciation,0.11,0.39,0.26,0.83,0.37,0.38,0.38,0.55,0.44,0.45,BSHSL
Interest,0.27,0.21,0.33,0.62,0.25,0.07,0.19,0.8,0.45,0.17,BSHSL
Profit before tax,0.48,0.36,0.79,1.69,1.9,0.45,2.03,1.72,5.95,0.76,BSHSL
Tax,0.17,0.2,0.17,0.23,0.47,0.02,0.44,-0.13,0.1,0.16,BSHSL
Net profit,0.31,0.16,0.62,1.46,1.44,0.43,1.59,1.85,5.85,0.6,BSHSL
Operating Profit,0.89,0.86,1.19,2.97,2.43,0.74,2.52,2.89,6.75,1.09,BSHSL
