Report Date,2019-06-30 00:00:00,2019-09-30 00:00:00,2019-12-31 00:00:00,2020-03-31 00:00:00,2020-06-30 00:00:00,2020-09-30 00:00:00,2020-12-31 00:00:00,2021-03-31 00:00:00,2021-06-30 00:00:00,2021-09-30 00:00:00,Company_Name
Sales,411.22,405.33,404.95,307.25,23.7,181.3,305.76,368.96,279.96,343.39,CAPACITE
Expenses,341.68,338.24,332.7,259.63,47.23,142.26,251.15,302.57,240.57,282.18,CAPACITE
Other Income,6.74,8.15,4.88,5.62,5.13,6.23,5.3,12.06,2.42,3.97,CAPACITE
Depreciation,24.84,29.41,29.81,30.12,16.17,25.67,21.94,26.38,20.36,25.55,CAPACITE
Interest,14.96,14.98,16.17,18.42,20.33,13.51,17.42,18.99,15.69,16.54,CAPACITE
Profit before tax,36.48,30.85,31.15,4.7,-54.9,6.09,20.55,33.08,5.76,23.09,CAPACITE
Tax,12.86,-8.92,7.66,0.88,-12.52,1.53,5.32,8.69,1.46,5.88,CAPACITE
Net profit,23.62,39.78,23.48,3.83,-42.38,4.55,15.23,24.39,4.29,17.21,CAPACITE
Operating Profit,69.54,67.09,72.25,47.62,-23.53,39.04,54.61,66.39,39.39,61.21,CAPACITE
