Report Date,2019-06-30 00:00:00,2019-09-30 00:00:00,2019-12-31 00:00:00,2020-03-31 00:00:00,2020-06-30 00:00:00,2020-09-30 00:00:00,2020-12-31 00:00:00,2021-03-31 00:00:00,2021-06-30 00:00:00,2021-09-30 00:00:00,Company_Name
Sales,140.27,133.26,154.17,100.12,119.73,116.92,123.16,122.88,127.5,160.4,CAPLIPOINT
Expenses,81.81,80.76,96.66,61.6,62.28,60.7,66.18,79.6,71.19,89.0,CAPLIPOINT
Other Income,19.94,4.58,8.43,33.01,4.05,3.24,3.98,7.36,19.33,18.42,CAPLIPOINT
Depreciation,4.36,4.32,5.3,5.68,5.43,5.43,5.61,5.97,6.2,6.31,CAPLIPOINT
Interest,0.01,0.07,0.05,0.05,0.05,0.04,0.04,0.03,0.03,0.02,CAPLIPOINT
Profit before tax,74.03,52.69,60.59,65.8,56.02,53.99,55.31,44.64,69.41,83.49,CAPLIPOINT
Tax,13.93,12.89,13.0,15.67,14.0,12.73,13.83,13.15,14.86,18.33,CAPLIPOINT
Net profit,60.1,39.8,47.59,50.13,42.02,41.26,41.48,31.49,54.55,65.16,CAPLIPOINT
Operating Profit,58.46,52.5,57.51,38.52,57.45,56.22,56.98,43.28,56.31,71.4,CAPLIPOINT
