Report Date,2019-06-30 00:00:00,2019-09-30 00:00:00,2019-12-31 00:00:00,2020-03-31 00:00:00,2020-06-30 00:00:00,2020-09-30 00:00:00,2020-12-31 00:00:00,2021-03-31 00:00:00,2021-06-30 00:00:00,2021-09-30 00:00:00,Company_Name
Sales,45.22,66.43,49.79,57.67,33.04,71.4,46.51,68.72,41.77,69.3,CARERATING
Expenses,33.79,29.9,34.08,44.77,28.13,27.98,31.85,43.42,34.66,34.11,CARERATING
Other Income,7.74,8.93,7.44,7.22,9.44,8.25,8.32,6.1,7.65,6.53,CARERATING
Depreciation,1.68,1.72,1.74,1.77,1.79,1.8,1.78,1.71,1.66,1.66,CARERATING
Interest,0.2,0.19,0.18,0.17,0.16,0.15,0.14,0.13,0.11,0.1,CARERATING
Profit before tax,17.29,43.55,21.23,18.18,12.4,49.72,21.06,29.56,12.99,39.96,CARERATING
Tax,4.2,6.56,4.76,4.24,2.47,11.72,5.24,7.48,2.09,10.2,CARERATING
Net profit,13.09,36.99,16.48,13.95,9.93,38.0,15.81,22.09,10.89,29.76,CARERATING
Operating Profit,11.43,36.53,15.71,12.9,4.91,43.42,14.66,25.3,7.11,35.19,CARERATING
