Report Date,2019-06-30 00:00:00,2019-09-30 00:00:00,2019-12-31 00:00:00,2020-03-31 00:00:00,2020-06-30 00:00:00,2020-09-30 00:00:00,2020-12-31 00:00:00,2021-03-31 00:00:00,2021-06-30 00:00:00,2021-09-30 00:00:00,Company_Name
Sales,2854.69,3550.13,3832.04,1969.09,3218.67,3986.94,3872.64,1640.76,3539.52,4478.61,CHAMBLFERT
Expenses,2408.43,2993.66,3149.63,1751.8,2627.51,3214.8,3074.12,1306.74,2957.88,3741.22,CHAMBLFERT
Other Income,97.63,45.05,-61.34,131.42,52.47,17.62,-11.27,-33.43,35.25,17.3,CHAMBLFERT
Depreciation,69.39,72.19,73.26,72.02,70.78,71.82,71.7,74.92,73.34,75.18,CHAMBLFERT
Interest,132.24,147.23,109.86,113.3,96.94,76.07,52.52,47.54,30.41,24.84,CHAMBLFERT
Profit before tax,342.26,382.1,437.95,163.39,475.91,641.87,663.03,178.13,513.14,654.67,CHAMBLFERT
Tax,106.35,6.82,28.53,-40.31,161.88,225.73,211.44,12.85,170.97,228.76,CHAMBLFERT
Net profit,235.91,375.28,409.42,203.7,314.03,416.14,451.59,165.28,342.17,425.91,CHAMBLFERT
Operating Profit,446.26,556.47,682.41,217.29,591.16,772.14,798.52,334.02,581.64,737.39,CHAMBLFERT
