Report Date,2019-06-30 00:00:00,2019-09-30 00:00:00,2019-12-31 00:00:00,2020-03-31 00:00:00,2020-06-30 00:00:00,2020-09-30 00:00:00,2020-12-31 00:00:00,2021-03-31 00:00:00,2021-06-30 00:00:00,2021-09-30 00:00:00,Company_Name
Sales,21.58,12.36,13.46,11.14,8.19,9.99,11.26,12.59,11.13,10.62,CHEMBOND
Expenses,20.7,11.56,12.46,12.21,7.3,8.9,10.28,11.94,9.78,9.64,CHEMBOND
Other Income,3.17,1.05,1.21,1.14,3.29,2.07,4.2,2.35,3.25,4.86,CHEMBOND
Depreciation,0.69,0.7,0.69,0.72,0.71,0.7,0.7,0.69,0.69,0.68,CHEMBOND
Interest,0.02,0.01,0.01,0.04,,,,0.06,0.01,0.01,CHEMBOND
Profit before tax,3.34,1.14,1.51,-0.69,3.47,2.46,4.48,2.25,3.9,5.15,CHEMBOND
Tax,-0.16,0.58,0.58,-1.22,0.91,0.54,0.99,0.52,1.18,0.29,CHEMBOND
Net profit,3.5,0.57,0.93,0.54,2.55,1.91,3.49,1.73,2.72,4.86,CHEMBOND
Operating Profit,0.88,0.8,1.0,-1.07,0.89,1.09,0.98,0.65,1.35,0.98,CHEMBOND
