Report Date,2019-06-30 00:00:00,2019-09-30 00:00:00,2019-12-31 00:00:00,2020-03-31 00:00:00,2020-06-30 00:00:00,2020-09-30 00:00:00,2020-12-31 00:00:00,2021-03-31 00:00:00,2021-06-30 00:00:00,2021-09-30 00:00:00,Company_Name
Sales,4.06,18.37,39.81,28.64,2.52,2.53,2.3,50.7,2.12,28.27,CHOLAHLDNG
Expenses,0.45,0.57,0.45,1.01,0.49,0.49,0.45,1.14,0.52,0.5,CHOLAHLDNG
Other Income,,,,0.02,,,0.05,0.04,,,CHOLAHLDNG
Depreciation,,,,0.01,,0.01,,,,0.01,CHOLAHLDNG
Interest,,,,1.48,5.39,5.45,5.38,5.44,2.53,2.57,CHOLAHLDNG
Profit before tax,3.61,17.8,39.36,26.16,-3.36,-3.42,-3.48,44.16,-0.93,25.19,CHOLAHLDNG
Tax,1.05,0.87,0.88,0.8,,,,12.19,,3.77,CHOLAHLDNG
Net profit,2.56,16.93,38.48,25.36,-3.36,-3.42,-3.48,31.97,-0.93,21.42,CHOLAHLDNG
Operating Profit,3.61,17.8,39.36,27.63,2.03,2.04,1.85,49.56,1.6,27.77,CHOLAHLDNG
