Report Date,2019-06-30 00:00:00,2019-09-30 00:00:00,2019-12-31 00:00:00,2020-03-31 00:00:00,2020-06-30 00:00:00,2020-09-30 00:00:00,2020-12-31 00:00:00,2021-03-31 00:00:00,2021-06-30 00:00:00,2021-09-30 00:00:00,Company_Name
Sales,538.2,544.1,590.6,558.1,576.5,608.4,612.3,615.2,736.9,812.1,COFORGE
Expenses,486.5,462.2,490.2,491.4,506.7,533.0,534.1,558.8,672.9,704.1,COFORGE
Other Income,101.5,18.3,81.6,83.2,78.1,4.8,7.0,15.7,146.8,73.3,COFORGE
Depreciation,22.5,22.1,23.2,22.4,23.6,24.5,24.3,23.8,21.8,20.7,COFORGE
Interest,1.7,2.1,1.6,2.4,1.3,1.9,1.6,1.0,8.6,13.3,COFORGE
Profit before tax,129.0,76.0,157.2,125.1,123.0,53.8,59.3,47.3,180.4,147.3,COFORGE
Tax,17.4,17.6,22.1,7.7,14.6,9.2,10.3,9.4,8.7,21.0,COFORGE
Net profit,111.6,58.4,135.1,117.4,108.4,44.6,49.0,37.9,171.7,126.3,COFORGE
Operating Profit,51.7,81.9,100.4,66.7,69.8,75.4,78.2,56.4,64.0,108.0,COFORGE
