Report Date,2019-06-30 00:00:00,2019-09-30 00:00:00,2019-12-31 00:00:00,2020-03-31 00:00:00,2020-06-30 00:00:00,2020-09-30 00:00:00,2020-12-31 00:00:00,2021-03-31 00:00:00,2021-06-30 00:00:00,2021-09-30 00:00:00,Company_Name
Sales,1.02,0.39,0.97,4.16,2.7,2.21,2.45,3.87,2.26,4.32,CONSOFINVT
Expenses,0.15,1.76,0.14,0.15,0.16,0.13,0.1,0.14,0.14,11.55,CONSOFINVT
Other Income,2.75,0.02,0.28,0.49,,0.02,,0.08,0.07,0.14,CONSOFINVT
Depreciation,,0.01,,0.01,0.01,,,0.01,,0.01,CONSOFINVT
Interest,,,,,,,,,,0.03,CONSOFINVT
Profit before tax,3.62,-1.36,1.11,4.49,2.53,2.1,2.35,3.8,2.19,-7.13,CONSOFINVT
Tax,0.32,-0.33,0.16,2.26,0.75,0.56,,0.9,0.4,0.29,CONSOFINVT
Net profit,3.3,-1.03,0.95,2.23,1.78,1.54,2.35,2.9,1.79,-7.42,CONSOFINVT
Operating Profit,0.87,-1.37,0.83,4.01,2.54,2.08,2.35,3.73,2.12,-7.23,CONSOFINVT
