Report Date,2019-06-30 00:00:00,2019-09-30 00:00:00,2019-12-31 00:00:00,2020-03-31 00:00:00,2020-06-30 00:00:00,2020-09-30 00:00:00,2020-12-31 00:00:00,2021-03-31 00:00:00,2021-06-30 00:00:00,2021-09-30 00:00:00,Company_Name
Sales,207.74,203.09,215.55,210.87,214.19,228.26,235.46,245.93,252.34,271.94,CRISIL
Expenses,186.72,183.43,201.24,167.55,169.35,183.65,288.39,181.42,193.19,216.21,CRISIL
Other Income,40.82,130.19,56.23,68.61,53.71,69.71,19.08,147.26,68.26,52.78,CRISIL
Depreciation,6.02,6.06,5.88,16.39,16.1,15.5,17.69,13.75,13.49,12.66,CRISIL
Interest,,,,1.82,1.75,1.68,1.69,1.88,1.86,1.78,CRISIL
Profit before tax,55.82,143.79,64.66,93.72,80.7,97.14,-53.23,196.14,112.06,94.07,CRISIL
Tax,9.46,29.04,10.58,12.65,11.39,17.16,10.41,14.86,18.45,15.24,CRISIL
Net profit,46.36,114.75,54.08,81.07,69.31,79.98,-63.64,181.28,93.61,78.83,CRISIL
Operating Profit,21.02,19.66,14.31,43.32,44.84,44.61,-52.93,64.51,59.15,55.73,CRISIL
