Report Date,2019-06-30 00:00:00,2019-09-30 00:00:00,2019-12-31 00:00:00,2020-03-31 00:00:00,2020-06-30 00:00:00,2020-09-30 00:00:00,2020-12-31 00:00:00,2021-03-31 00:00:00,2021-06-30 00:00:00,2021-09-30 00:00:00,Company_Name
Sales,191.01,174.03,204.01,198.87,54.84,131.65,165.84,215.31,202.66,208.11,DAMODARIND
Expenses,183.65,160.13,190.33,190.84,54.63,128.86,152.16,193.58,186.01,191.37,DAMODARIND
Other Income,0.41,0.39,0.38,1.52,,0.97,0.82,5.64,0.05,1.11,DAMODARIND
Depreciation,5.42,5.86,5.93,5.83,5.69,5.49,6.51,6.41,5.93,5.98,DAMODARIND
Interest,7.6,8.09,7.72,10.38,7.61,7.34,6.98,8.79,7.13,7.18,DAMODARIND
Profit before tax,-5.25,0.34,0.41,-6.66,-13.09,-9.07,1.01,12.17,3.64,4.69,DAMODARIND
Tax,-2.25,0.08,0.13,-2.13,-4.1,-2.78,0.42,3.98,1.14,1.5,DAMODARIND
Net profit,-3.01,0.27,0.28,-4.53,-8.99,-6.29,0.59,8.19,2.5,3.19,DAMODARIND
Operating Profit,7.36,13.9,13.68,8.03,0.21,2.79,13.68,21.73,16.65,16.74,DAMODARIND
