Report Date,2019-06-30 00:00:00,2019-09-30 00:00:00,2019-12-31 00:00:00,2020-03-31 00:00:00,2020-06-30 00:00:00,2020-09-30 00:00:00,2020-12-31 00:00:00,2021-03-31 00:00:00,2021-06-30 00:00:00,2021-09-30 00:00:00,Company_Name
Sales,133.41,177.75,117.68,151.92,29.8,30.53,60.95,86.98,63.91,84.15,DCAL
Expenses,90.26,106.87,97.54,112.48,59.93,51.97,77.01,76.56,59.86,59.23,DCAL
Other Income,7.37,23.58,25.36,13.25,7.88,33.58,19.23,5.46,18.29,14.73,DCAL
Depreciation,35.02,35.24,35.33,35.07,35.59,36.19,36.17,35.26,35.34,35.74,DCAL
Interest,10.24,10.51,11.06,15.21,6.76,8.98,8.15,10.28,7.79,8.46,DCAL
Profit before tax,5.26,48.71,-0.89,2.41,-64.6,-33.03,-41.15,-29.66,-20.79,-4.55,DCAL
Tax,1.71,16.03,1.31,-2.09,-19.36,-14.78,-14.14,112.41,-6.83,-1.74,DCAL
Net profit,3.55,32.68,-2.2,4.5,-45.24,-18.25,-27.01,-142.07,-13.96,-2.81,DCAL
Operating Profit,43.15,70.88,20.14,39.44,-30.13,-21.44,-16.06,10.42,4.05,24.92,DCAL
