Report Date,2019-06-30 00:00:00,2019-09-30 00:00:00,2019-12-31 00:00:00,2020-03-31 00:00:00,2020-06-30 00:00:00,2020-09-30 00:00:00,2020-12-31 00:00:00,2021-03-31 00:00:00,2021-06-30 00:00:00,2021-09-30 00:00:00,Company_Name
Sales,398.15,391.68,542.64,462.48,400.68,535.58,491.08,515.67,462.01,487.74,DCMSRIND
Expenses,360.91,335.89,528.65,424.2,377.68,484.01,455.74,473.1,427.57,456.92,DCMSRIND
Other Income,4.19,4.97,5.11,8.79,3.42,2.21,3.92,6.85,4.14,4.87,DCMSRIND
Depreciation,5.6,5.53,5.89,10.59,7.7,7.06,7.23,7.17,7.51,7.84,DCMSRIND
Interest,10.56,13.75,9.26,10.97,10.86,9.78,8.92,10.18,11.71,10.79,DCMSRIND
Profit before tax,25.27,41.48,3.95,25.51,7.86,36.94,23.11,32.07,19.36,17.06,DCMSRIND
Tax,8.6,14.75,-21.21,-1.88,2.92,12.65,7.65,10.88,6.38,4.72,DCMSRIND
Net profit,16.67,26.73,25.16,27.39,4.94,24.29,15.46,21.19,12.98,12.34,DCMSRIND
Operating Profit,37.24,55.79,13.99,38.28,23.0,51.57,35.34,42.57,34.44,30.82,DCMSRIND
