Report Date,2019-06-30 00:00:00,2019-09-30 00:00:00,2019-12-31 00:00:00,2020-03-31 00:00:00,2020-06-30 00:00:00,2020-09-30 00:00:00,2020-12-31 00:00:00,2021-03-31 00:00:00,2021-06-30 00:00:00,2021-09-30 00:00:00,Company_Name
Sales,1864.27,1735.7,2165.59,1906.4,1886.14,2015.3,2136.75,2173.8,1905.83,2125.47,DCMSHRIRAM
Expenses,1521.05,1519.15,1876.5,1557.98,1726.24,1798.49,1737.58,1811.93,1636.38,1838.27,DCMSHRIRAM
Other Income,24.2,31.48,35.2,10.13,22.81,18.0,17.23,31.63,17.26,21.37,DCMSHRIRAM
Depreciation,49.21,52.23,54.56,59.05,58.29,59.05,54.93,57.59,56.41,58.67,DCMSHRIRAM
Interest,37.46,41.28,38.3,42.9,43.97,27.53,25.65,24.64,27.35,23.2,DCMSHRIRAM
Profit before tax,280.75,154.52,231.43,256.6,80.45,148.23,335.82,311.27,202.95,226.7,DCMSHRIRAM
Tax,66.6,29.15,39.99,43.89,17.97,33.11,84.1,78.11,54.53,70.36,DCMSHRIRAM
Net profit,214.15,125.37,191.44,212.71,62.48,115.12,251.72,233.16,148.42,156.34,DCMSHRIRAM
Operating Profit,343.22,216.55,289.09,348.42,159.9,216.81,399.17,361.87,269.45,287.2,DCMSHRIRAM
