Report Date,2019-06-30 00:00:00,2019-09-30 00:00:00,2019-12-31 00:00:00,2020-03-31 00:00:00,2020-06-30 00:00:00,2020-09-30 00:00:00,2020-12-31 00:00:00,2021-03-31 00:00:00,2021-06-30 00:00:00,2021-09-30 00:00:00,Company_Name
Sales,182.05,134.25,115.77,123.72,138.61,198.06,208.1,213.83,224.24,190.88,DECCANCE
Expenses,141.64,118.24,105.2,112.41,98.68,148.11,159.16,176.79,168.86,152.21,DECCANCE
Other Income,1.97,3.7,1.97,-7.7,2.14,2.34,2.41,3.22,2.65,1.85,DECCANCE
Depreciation,4.96,5.16,5.29,5.5,5.55,5.63,5.66,6.33,6.37,6.74,DECCANCE
Interest,1.35,1.95,1.88,1.6,1.44,1.37,1.33,3.29,2.2,2.5,DECCANCE
Profit before tax,36.07,12.6,5.37,-3.49,35.08,45.29,44.36,30.64,49.46,31.28,DECCANCE
Tax,12.74,-19.72,1.42,-0.54,8.96,11.45,11.27,8.55,12.62,7.94,DECCANCE
Net profit,23.33,32.32,3.95,-2.96,26.12,33.84,33.09,22.08,36.83,23.34,DECCANCE
Operating Profit,40.41,16.01,10.57,11.31,39.93,49.95,48.94,37.04,55.38,38.67,DECCANCE
