Report Date,2019-06-30 00:00:00,2019-09-30 00:00:00,2019-12-31 00:00:00,2020-03-31 00:00:00,2020-06-30 00:00:00,2020-09-30 00:00:00,2020-12-31 00:00:00,2021-03-31 00:00:00,2021-06-30 00:00:00,2021-09-30 00:00:00,Company_Name
Sales,119.91,119.06,124.61,94.77,0.03,0.58,67.98,133.22,28.9,33.71,DELTACORP
Expenses,65.0,65.09,69.02,67.1,26.55,26.44,48.69,69.4,45.21,41.35,DELTACORP
Other Income,13.36,5.43,6.66,-47.4,67.3,6.04,6.09,3.22,5.05,4.79,DELTACORP
Depreciation,5.05,5.46,4.39,4.48,4.45,4.54,4.53,2.42,3.98,4.06,DELTACORP
Interest,0.58,0.46,0.13,0.34,0.15,0.19,0.19,0.33,0.11,0.11,DELTACORP
Profit before tax,62.64,53.48,57.73,-24.55,36.18,-24.55,20.66,64.29,-15.35,-7.02,DELTACORP
Tax,18.87,8.56,13.82,8.49,-5.9,-5.72,5.17,16.28,-3.72,-1.99,DELTACORP
Net profit,43.77,44.92,43.91,-33.04,42.08,-18.83,15.49,48.01,-11.63,-5.03,DELTACORP
Operating Profit,54.91,53.97,55.59,27.67,-26.52,-25.86,19.29,63.82,-16.31,-7.64,DELTACORP
