Report Date,2019-06-30 00:00:00,2019-09-30 00:00:00,2019-12-31 00:00:00,2020-03-31 00:00:00,2020-06-30 00:00:00,2020-09-30 00:00:00,2020-12-31 00:00:00,2021-03-31 00:00:00,2021-06-30 00:00:00,2021-09-30 00:00:00,Company_Name
Sales,24.42,21.81,23.88,20.73,5.12,18.55,22.03,25.27,18.08,21.16,DELTAMAGNT
Expenses,23.56,22.11,25.35,22.16,8.21,19.1,21.71,22.64,18.93,20.69,DELTAMAGNT
Other Income,0.18,0.21,0.16,0.26,0.16,0.15,0.11,-0.02,26.57,0.06,DELTAMAGNT
Depreciation,1.49,1.49,1.5,1.48,1.43,1.38,1.14,1.08,1.06,1.03,DELTAMAGNT
Interest,1.51,1.51,1.54,1.56,1.41,1.68,1.85,1.5,1.14,0.89,DELTAMAGNT
Profit before tax,-1.96,-3.09,-4.35,-4.21,-5.77,-3.46,-2.56,0.03,23.52,-1.39,DELTAMAGNT
Tax,0.02,0.28,0.11,-0.34,-0.18,-0.09,0.24,-3.0,2.67,-0.06,DELTAMAGNT
Net profit,-1.98,-3.37,-4.46,-3.87,-5.59,-3.38,-2.81,3.02,20.85,-1.33,DELTAMAGNT
Operating Profit,0.86,-0.3,-1.47,-1.43,-3.09,-0.55,0.32,2.63,-0.85,0.47,DELTAMAGNT
