Report Date,2019-06-30 00:00:00,2019-09-30 00:00:00,2019-12-31 00:00:00,2020-03-31 00:00:00,2020-06-30 00:00:00,2020-09-30 00:00:00,2020-12-31 00:00:00,2021-03-31 00:00:00,2021-06-30 00:00:00,2021-09-30 00:00:00,Company_Name
Sales,880.28,654.88,771.63,1047.03,1067.02,916.88,1077.16,1081.4,810.8,762.55,DHAMPURSUG
Expenses,760.7,620.39,679.19,927.18,952.59,843.67,963.03,921.5,706.59,695.29,DHAMPURSUG
Other Income,12.5,12.05,-11.93,-0.53,3.7,1.83,0.8,-6.19,3.42,2.03,DHAMPURSUG
Depreciation,17.63,18.04,18.6,21.12,19.7,15.92,21.61,19.88,19.91,15.65,DHAMPURSUG
Interest,33.55,20.75,20.38,25.39,25.98,20.94,12.87,19.88,25.99,17.78,DHAMPURSUG
Profit before tax,80.9,7.75,41.53,72.81,72.45,38.18,80.45,113.95,61.73,35.86,DHAMPURSUG
Tax,17.88,2.0,2.22,-30.48,17.74,9.28,22.08,37.09,16.31,8.84,DHAMPURSUG
Net profit,63.02,5.75,39.31,103.29,54.72,28.9,58.37,76.87,45.42,27.01,DHAMPURSUG
Operating Profit,119.58,34.49,92.44,119.85,114.43,73.21,114.13,159.9,104.21,67.26,DHAMPURSUG
