Report Date,2019-06-30 00:00:00,2019-09-30 00:00:00,2019-12-31 00:00:00,2020-03-31 00:00:00,2020-06-30 00:00:00,2020-09-30 00:00:00,2020-12-31 00:00:00,2021-03-31 00:00:00,2021-06-30 00:00:00,2021-09-30 00:00:00,Company_Name
Sales,37.71,32.27,26.98,24.34,29.89,31.04,28.07,22.23,21.38,29.21,DIGISPICE
Expenses,38.68,36.28,28.79,29.33,33.28,32.5,29.79,28.42,24.16,29.17,DIGISPICE
Other Income,2.85,2.07,0.14,-62.24,2.96,2.9,5.83,6.98,1.37,1.87,DIGISPICE
Depreciation,2.18,2.02,2.2,2.79,1.88,1.26,1.0,3.37,0.64,0.62,DIGISPICE
Interest,0.58,0.7,0.72,0.49,0.36,0.27,0.22,0.39,0.24,0.25,DIGISPICE
Profit before tax,-0.88,-4.66,-4.59,-70.51,-2.67,-0.09,2.89,-2.97,-2.29,1.04,DIGISPICE
Tax,-0.11,-0.57,-0.89,-0.28,0.21,0.12,,0.86,0.08,,DIGISPICE
Net profit,-0.78,-4.08,-3.69,-70.23,-2.88,-0.21,2.89,-3.84,-2.37,1.04,DIGISPICE
Operating Profit,-0.97,-4.01,-1.81,-4.99,-3.39,-1.46,-1.72,-6.19,-2.78,0.04,DIGISPICE
