Report Date,2019-06-30 00:00:00,2019-09-30 00:00:00,2019-12-31 00:00:00,2020-03-31 00:00:00,2020-06-30 00:00:00,2020-09-30 00:00:00,2020-12-31 00:00:00,2021-03-31 00:00:00,2021-06-30 00:00:00,2021-09-30 00:00:00,Company_Name
Sales,2508.7,3446.0,3044.0,2851.7,3244.4,3345.8,3408.2,3350.7,3433.5,3823.4,DRREDDY
Expenses,2078.0,2285.2,2288.3,2330.9,2315.7,2529.2,2634.2,2747.8,2871.6,3075.1,DRREDDY
Other Income,471.4,76.7,69.3,127.4,644.7,26.6,62.8,81.6,186.2,118.1,DRREDDY
Depreciation,197.0,204.1,195.8,192.3,197.7,214.2,212.4,210.7,197.1,206.6,DRREDDY
Interest,12.1,12.2,11.7,11.8,14.0,9.3,6.5,16.9,6.5,11.1,DRREDDY
Profit before tax,693.0,1021.2,617.5,444.1,1361.7,619.7,617.9,456.9,544.5,648.7,DRREDDY
Tax,144.9,-343.9,95.8,-58.7,411.5,138.7,174.2,145.4,131.1,199.7,DRREDDY
Net profit,548.1,1365.1,521.7,502.8,950.2,481.0,443.7,311.5,413.4,449.0,DRREDDY
Operating Profit,430.7,1160.8,755.7,520.8,928.7,816.6,774.0,602.9,561.9,748.3,DRREDDY
