Report Date,2019-06-30 00:00:00,2019-09-30 00:00:00,2019-12-31 00:00:00,2020-03-31 00:00:00,2020-06-30 00:00:00,2020-09-30 00:00:00,2020-12-31 00:00:00,2021-03-31 00:00:00,2021-06-30 00:00:00,2021-09-30 00:00:00,Company_Name
Sales,34.4,67.06,53.68,22.23,26.39,103.23,89.05,29.53,40.75,83.67,DTIL
Expenses,29.34,49.36,50.08,53.63,16.11,59.57,69.96,58.88,31.65,72.55,DTIL
Other Income,1.03,101.92,0.82,0.8,10.21,-11.36,20.82,-0.07,14.33,18.03,DTIL
Depreciation,2.1,2.1,2.12,2.32,2.08,1.95,1.99,2.01,1.91,2.0,DTIL
Interest,0.77,1.13,1.22,0.93,1.01,1.13,0.77,0.32,0.52,0.58,DTIL
Profit before tax,3.22,116.39,1.08,-33.85,17.4,29.22,37.15,-31.75,21.0,26.57,DTIL
Tax,0.71,27.16,0.5,-8.04,4.34,3.49,3.99,-4.8,2.11,2.56,DTIL
Net profit,2.51,89.23,0.57,-25.81,13.07,25.74,33.16,-26.96,18.89,24.01,DTIL
Operating Profit,5.06,17.7,3.6,-31.4,10.28,43.66,19.09,-29.35,9.1,11.12,DTIL
