Report Date,2019-06-30 00:00:00,2019-09-30 00:00:00,2019-12-31 00:00:00,2020-03-31 00:00:00,2020-06-30 00:00:00,2020-09-30 00:00:00,2020-12-31 00:00:00,2021-03-31 00:00:00,2021-06-30 00:00:00,2021-09-30 00:00:00,Company_Name
Sales,527.84,65.29,182.28,105.71,30.09,5.17,53.33,81.85,41.97,73.02,EMAMIREAL
Expenses,477.87,29.34,285.8,75.45,4.96,-14.43,21.46,52.92,11.34,31.03,EMAMIREAL
Other Income,33.64,65.07,47.35,45.85,51.04,112.0,-10.58,-3.89,11.66,11.55,EMAMIREAL
Depreciation,0.6,0.54,0.4,0.71,0.45,0.31,0.34,0.5,0.26,0.26,EMAMIREAL
Interest,80.95,91.64,94.23,103.62,87.23,86.91,47.81,30.39,40.92,41.15,EMAMIREAL
Profit before tax,2.06,8.84,-150.8,-28.22,-11.51,44.38,-26.86,-5.85,1.11,12.13,EMAMIREAL
Tax,-0.88,6.49,-54.39,-7.77,-3.48,9.47,-6.98,6.56,0.22,2.79,EMAMIREAL
Net profit,2.94,2.36,-96.41,-20.45,-8.03,34.91,-19.88,-12.4,0.89,9.34,EMAMIREAL
Operating Profit,49.97,35.95,-103.52,30.26,25.13,19.6,31.87,28.93,30.63,41.99,EMAMIREAL
