Report Date,2019-06-30 00:00:00,2019-09-30 00:00:00,2019-12-31 00:00:00,2020-03-31 00:00:00,2020-06-30 00:00:00,2020-09-30 00:00:00,2020-12-31 00:00:00,2021-03-31 00:00:00,2021-06-30 00:00:00,2021-09-30 00:00:00,Company_Name
Sales,354.06,377.84,406.31,374.58,206.0,285.24,313.65,411.38,428.91,441.47,EMAMIPAP
Expenses,310.34,331.17,333.04,332.22,171.57,238.39,269.17,343.77,347.76,374.48,EMAMIPAP
Other Income,3.3,1.74,0.6,-26.29,0.07,1.04,1.89,73.66,0.28,0.4,EMAMIPAP
Depreciation,17.46,17.78,18.19,19.1,17.93,18.17,18.2,17.84,17.55,17.74,EMAMIPAP
Interest,26.39,26.42,24.35,40.2,27.38,23.63,23.1,21.16,19.97,19.12,EMAMIPAP
Profit before tax,3.17,4.21,31.33,-43.23,-10.81,6.09,5.07,102.27,43.91,30.53,EMAMIPAP
Tax,2.16,3.12,12.83,-12.18,-3.53,-2.04,2.14,54.99,11.92,7.62,EMAMIPAP
Net profit,1.01,1.09,18.5,-31.05,-7.28,8.13,2.93,47.28,31.99,22.91,EMAMIPAP
Operating Profit,43.72,46.67,73.27,42.36,34.43,46.85,44.48,67.61,81.15,66.99,EMAMIPAP
