Report Date,2019-06-30 00:00:00,2019-09-30 00:00:00,2019-12-31 00:00:00,2020-03-31 00:00:00,2020-06-30 00:00:00,2020-09-30 00:00:00,2020-12-31 00:00:00,2021-03-31 00:00:00,2021-06-30 00:00:00,2021-09-30 00:00:00,Company_Name
Sales,30.08,28.82,29.26,30.96,27.92,37.46,32.28,44.61,46.18,47.36,EMKAY
Expenses,28.83,29.16,29.37,36.65,27.17,30.37,29.82,36.55,34.65,38.58,EMKAY
Other Income,0.19,0.65,0.24,-0.5,0.42,0.44,0.96,4.11,0.27,1.25,EMKAY
Depreciation,1.62,1.83,2.11,2.06,1.8,1.83,1.88,1.98,1.85,1.86,EMKAY
Interest,1.12,1.77,1.75,1.44,0.98,1.26,1.44,1.71,2.81,4.17,EMKAY
Profit before tax,-1.3,-3.29,-3.73,-9.69,-1.61,4.44,0.1,8.48,7.14,4.0,EMKAY
Tax,-0.17,-1.52,-1.11,-2.63,-0.5,1.89,0.29,1.72,1.58,1.45,EMKAY
Net profit,-1.13,-1.77,-2.62,-7.06,-1.12,2.56,-0.2,6.77,5.56,2.55,EMKAY
Operating Profit,1.25,-0.34,-0.11,-5.69,0.75,7.09,2.46,8.06,11.53,8.78,EMKAY
