Report Date,2019-06-30 00:00:00,2019-09-30 00:00:00,2019-12-31 00:00:00,2020-03-31 00:00:00,2020-06-30 00:00:00,2020-09-30 00:00:00,2020-12-31 00:00:00,2021-03-31 00:00:00,2021-06-30 00:00:00,2021-09-30 00:00:00,Company_Name
Sales,1361.16,1292.04,1160.98,1124.39,356.17,1289.19,1528.81,1598.85,1151.97,1501.19,ENDURANCE
Expenses,1115.61,1095.38,997.15,988.13,353.6,1056.97,1268.74,1362.11,998.16,1288.71,ENDURANCE
Other Income,3.3,8.42,9.88,14.6,4.16,3.48,-8.0,2.67,-25.62,4.51,ENDURANCE
Depreciation,48.58,48.73,49.74,52.2,46.49,54.0,52.55,50.37,50.18,51.34,ENDURANCE
Interest,3.57,3.13,2.41,1.7,2.03,1.4,1.03,0.34,0.34,0.51,ENDURANCE
Profit before tax,196.7,153.22,121.56,96.96,-41.79,180.3,198.49,188.7,77.67,165.14,ENDURANCE
Tax,67.64,16.66,31.34,25.1,-9.93,45.9,47.94,49.59,20.87,42.78,ENDURANCE
Net profit,129.06,136.56,90.22,71.85,-31.86,134.39,150.55,139.11,56.8,122.37,ENDURANCE
Operating Profit,245.55,196.66,163.83,136.26,2.57,232.22,260.07,236.74,153.81,212.48,ENDURANCE
