Report Date,2019-06-30 00:00:00,2019-09-30 00:00:00,2019-12-31 00:00:00,2020-03-31 00:00:00,2020-06-30 00:00:00,2020-09-30 00:00:00,2020-12-31 00:00:00,2021-03-31 00:00:00,2021-06-30 00:00:00,2021-09-30 00:00:00,Company_Name
Sales,131.57,113.92,145.68,149.42,36.27,47.04,84.48,99.04,38.85,68.81,ENIL
Expenses,98.52,86.41,105.22,126.93,62.23,53.27,63.56,75.0,57.56,59.88,ENIL
Other Income,3.11,3.17,2.89,3.59,5.42,3.79,30.67,-92.93,5.43,3.95,ENIL
Depreciation,24.07,24.56,24.99,25.45,23.81,24.1,23.99,22.91,19.61,19.9,ENIL
Interest,4.65,4.62,4.7,4.43,4.47,5.08,4.6,4.17,3.99,4.07,ENIL
Profit before tax,7.44,1.5,13.66,-3.8,-48.82,-31.62,23.0,-95.97,-36.88,-11.09,ENIL
Tax,2.62,0.25,3.03,-1.64,-12.21,-7.9,6.29,-30.32,-9.14,-3.2,ENIL
Net profit,4.83,1.24,10.64,-2.15,-36.61,-23.72,16.72,-65.66,-27.75,-7.89,ENIL
Operating Profit,33.05,27.51,40.46,22.49,-25.96,-6.23,20.92,24.04,-18.71,8.93,ENIL
