Report Date,2019-06-30 00:00:00,2019-09-30 00:00:00,2019-12-31 00:00:00,2020-03-31 00:00:00,2020-06-30 00:00:00,2020-09-30 00:00:00,2020-12-31 00:00:00,2021-03-31 00:00:00,2021-06-30 00:00:00,2021-09-30 00:00:00,Company_Name
Sales,431.46,286.32,276.3,289.67,316.63,271.98,278.57,346.06,353.78,297.4,EVERESTIND
Expenses,390.56,288.07,273.0,288.88,278.03,241.48,262.51,318.06,318.92,287.6,EVERESTIND
Other Income,2.98,2.47,2.45,1.18,1.04,3.53,1.69,2.63,3.41,13.89,EVERESTIND
Depreciation,5.96,5.91,6.15,5.72,6.17,6.28,6.46,6.4,6.61,6.68,EVERESTIND
Interest,1.63,2.43,1.43,1.55,1.49,0.77,0.61,1.03,0.64,0.45,EVERESTIND
Profit before tax,36.29,-7.62,-1.83,-5.3,31.98,26.98,10.68,23.2,31.02,16.56,EVERESTIND
Tax,11.17,-1.18,-0.85,-1.78,11.21,9.56,3.75,10.73,10.94,5.93,EVERESTIND
Net profit,25.12,-6.44,-0.98,-3.52,20.77,17.42,6.93,12.47,20.08,10.63,EVERESTIND
Operating Profit,40.9,-1.75,3.3,0.79,38.6,30.5,16.06,28.0,34.86,9.8,EVERESTIND
