Report Date,2019-06-30 00:00:00,2019-09-30 00:00:00,2019-12-31 00:00:00,2020-03-31 00:00:00,2020-06-30 00:00:00,2020-09-30 00:00:00,2020-12-31 00:00:00,2021-03-31 00:00:00,2021-06-30 00:00:00,2021-09-30 00:00:00,Company_Name
Sales,60.86,65.67,68.19,75.5,75.81,73.63,72.11,79.34,88.03,97.09,EXPLEOSOL
Expenses,51.22,52.53,56.89,60.42,57.04,57.02,59.75,64.25,74.25,80.9,EXPLEOSOL
Other Income,1.39,0.12,2.62,2.35,0.94,1.3,3.78,0.49,3.04,0.41,EXPLEOSOL
Depreciation,1.69,1.5,1.33,1.28,1.38,1.36,1.57,1.48,1.58,1.87,EXPLEOSOL
Interest,,0.5,0.29,0.32,0.26,0.25,0.23,0.32,0.2,0.03,EXPLEOSOL
Profit before tax,9.34,11.26,12.3,15.83,18.07,16.3,14.34,13.78,15.04,14.7,EXPLEOSOL
Tax,2.99,3.43,4.01,3.37,4.95,4.4,3.77,4.15,3.89,3.83,EXPLEOSOL
Net profit,6.36,7.83,8.29,12.47,13.13,11.91,10.58,9.63,11.14,10.87,EXPLEOSOL
Operating Profit,9.64,13.14,11.3,15.08,18.77,16.61,12.36,15.09,13.78,16.19,EXPLEOSOL
