Report Date,Unnamed: 1,Unnamed: 2,2019-12-31 00:00:00,2020-03-31 00:00:00,2020-06-30 00:00:00,2020-09-30 00:00:00,2020-12-31 00:00:00,2021-03-31 00:00:00,2021-06-30 00:00:00,2021-09-30 00:00:00,Company_Name
Sales,,,80.27,89.31,35.07,94.99,107.18,159.32,139.13,167.99,FAIRCHEMOR
Expenses,,,68.44,71.77,30.63,79.57,85.91,131.8,106.28,136.23,FAIRCHEMOR
Other Income,,,0.14,0.09,0.02,0.01,0.01,0.26,0.41,0.04,FAIRCHEMOR
Depreciation,,,1.6,1.28,1.63,1.65,1.66,1.63,1.7,1.76,FAIRCHEMOR
Interest,,,1.71,2.12,1.51,1.56,1.61,2.14,1.63,2.02,FAIRCHEMOR
Profit before tax,,,8.66,14.23,1.32,12.22,18.01,24.01,29.93,28.02,FAIRCHEMOR
Tax,,,2.12,3.01,0.13,3.16,4.6,5.18,7.62,7.12,FAIRCHEMOR
Net profit,,,6.53,11.23,1.19,9.06,13.4,18.83,22.31,20.9,FAIRCHEMOR
Operating Profit,,,11.83,17.54,4.44,15.42,21.27,27.52,32.85,31.76,FAIRCHEMOR
