Report Date,2019-06-30 00:00:00,2019-09-30 00:00:00,2019-12-31 00:00:00,2020-03-31 00:00:00,2020-06-30 00:00:00,2020-09-30 00:00:00,2020-12-31 00:00:00,2021-03-31 00:00:00,2021-06-30 00:00:00,2021-09-30 00:00:00,Company_Name
Sales,32.62,33.24,32.58,30.41,10.41,29.94,41.17,47.96,41.27,59.82,FCL
Expenses,25.41,25.33,26.32,23.98,8.53,23.38,28.73,37.66,34.58,46.89,FCL
Other Income,-0.2,0.33,2.89,-12.39,5.25,3.59,5.05,1.63,2.86,1.85,FCL
Depreciation,0.25,0.26,0.29,0.31,0.32,0.33,0.38,0.39,0.48,0.5,FCL
Interest,0.07,0.07,0.07,0.08,0.04,0.05,0.1,0.09,0.11,0.09,FCL
Profit before tax,6.69,7.91,8.79,-6.35,6.77,9.77,17.01,11.45,8.96,14.19,FCL
Tax,2.03,1.9,2.11,0.22,0.3,1.68,4.68,2.35,1.83,3.91,FCL
Net profit,4.66,6.01,6.68,-6.58,6.48,8.09,12.32,9.1,7.13,10.29,FCL
Operating Profit,7.21,7.91,6.26,6.43,1.88,6.56,12.44,10.3,6.69,12.93,FCL
