Report Date,2019-06-30 00:00:00,2019-09-30 00:00:00,2019-12-31 00:00:00,2020-03-31 00:00:00,2020-06-30 00:00:00,2020-09-30 00:00:00,2020-12-31 00:00:00,2021-03-31 00:00:00,2021-06-30 00:00:00,2021-09-30 00:00:00,Company_Name
Sales,696.81,680.23,737.73,667.3,145.01,507.79,721.59,852.76,698.91,964.95,FILATEX
Expenses,645.4,627.94,681.86,605.05,151.22,463.27,601.42,664.05,597.75,839.81,FILATEX
Other Income,3.22,2.19,1.44,5.86,0.95,1.46,1.8,5.4,4.2,6.78,FILATEX
Depreciation,11.27,11.92,14.0,14.07,14.24,14.43,14.77,14.92,14.67,15.85,FILATEX
Interest,12.49,9.48,17.08,22.24,17.78,18.87,16.02,6.14,12.93,6.5,FILATEX
Profit before tax,30.87,33.08,26.23,31.8,-37.28,12.68,91.18,173.05,77.76,109.57,FILATEX
Tax,10.84,-28.76,7.66,10.77,-9.3,3.29,25.14,54.66,25.62,35.79,FILATEX
Net profit,20.03,61.84,18.57,21.03,-27.98,9.39,66.04,118.39,52.14,73.78,FILATEX
Operating Profit,51.41,52.29,55.87,62.25,-6.21,44.52,120.17,188.71,101.16,125.14,FILATEX
