Report Date,2019-06-30 00:00:00,2019-09-30 00:00:00,2019-12-31 00:00:00,2020-03-31 00:00:00,2020-06-30 00:00:00,2020-09-30 00:00:00,2020-12-31 00:00:00,2021-03-31 00:00:00,2021-06-30 00:00:00,2021-09-30 00:00:00,Company_Name
Sales,243.51,274.38,265.91,242.43,235.6,265.81,298.19,321.69,359.9,429.55,FINEORG
Expenses,185.55,209.28,208.33,186.99,184.01,217.06,252.38,275.77,310.0,356.71,FINEORG
Other Income,4.46,5.91,5.5,4.64,1.6,3.98,5.38,6.06,5.98,6.23,FINEORG
Depreciation,3.35,6.51,12.06,12.73,11.12,11.37,11.89,12.38,9.51,9.76,FINEORG
Interest,0.43,0.64,2.15,1.56,1.75,1.56,1.54,1.24,1.29,1.21,FINEORG
Profit before tax,58.64,63.86,48.87,45.79,40.32,39.8,37.76,38.36,45.08,68.1,FINEORG
Tax,21.21,5.16,12.03,12.25,11.74,10.34,9.74,9.49,10.14,18.13,FINEORG
Net profit,37.43,58.7,36.84,33.53,28.57,29.47,28.02,28.87,34.94,49.97,FINEORG
Operating Profit,57.96,65.1,57.58,55.44,51.59,48.75,45.81,45.92,49.9,72.84,FINEORG
