Report Date,2019-06-30 00:00:00,2019-09-30 00:00:00,2019-12-31 00:00:00,2020-03-31 00:00:00,2020-06-30 00:00:00,2020-09-30 00:00:00,2020-12-31 00:00:00,2021-03-31 00:00:00,2021-06-30 00:00:00,2021-09-30 00:00:00,Company_Name
Sales,307.31,254.19,274.62,230.28,95.45,270.06,350.43,370.92,315.39,335.66,FMGOETZE
Expenses,274.2,236.07,245.88,208.44,136.26,240.42,292.74,315.83,285.48,301.39,FMGOETZE
Other Income,7.44,8.55,3.65,5.12,3.09,9.8,5.74,-37.67,5.31,6.72,FMGOETZE
Depreciation,22.14,21.84,22.26,22.39,13.91,22.36,22.49,20.82,20.76,20.66,FMGOETZE
Interest,1.83,1.1,1.25,0.65,0.1,0.34,1.09,0.89,0.68,1.03,FMGOETZE
Profit before tax,16.58,3.73,8.88,3.92,-51.73,16.74,39.85,-4.29,13.78,19.3,FMGOETZE
Tax,5.89,-6.99,2.4,1.97,-13.02,3.39,6.73,2.71,3.77,5.25,FMGOETZE
Net profit,10.69,10.72,6.48,1.95,-38.71,13.35,33.12,-6.99,10.01,14.04,FMGOETZE
Operating Profit,33.11,18.12,28.74,21.84,-40.81,29.64,57.69,55.09,29.91,34.27,FMGOETZE
