Report Date,2019-06-30 00:00:00,2019-09-30 00:00:00,2019-12-31 00:00:00,2020-03-31 00:00:00,2020-06-30 00:00:00,2020-09-30 00:00:00,2020-12-31 00:00:00,2021-03-31 00:00:00,2021-06-30 00:00:00,2021-09-30 00:00:00,Company_Name
Sales,24.68,29.91,31.11,29.96,10.3,17.42,16.21,20.62,17.32,19.64,FMNL
Expenses,7.76,16.68,19.76,19.34,7.34,8.49,8.41,26.88,5.2,8.58,FMNL
Other Income,3.96,19.52,13.8,11.71,2.58,2.34,1.54,1.29,1.44,1.4,FMNL
Depreciation,11.99,12.23,13.08,13.83,12.26,11.67,8.64,4.71,4.34,4.27,FMNL
Interest,8.28,8.11,7.84,5.26,6.15,6.31,4.19,3.9,3.39,5.29,FMNL
Profit before tax,0.61,12.41,4.23,3.24,-12.87,-6.71,-3.49,-13.58,5.83,2.9,FMNL
Tax,0.46,8.19,0.94,-0.37,-1.59,-1.06,-0.17,-5.01,1.4,1.33,FMNL
Net profit,0.15,4.22,3.29,3.6,-11.28,-5.65,-3.32,-8.57,4.43,1.58,FMNL
Operating Profit,16.92,13.23,11.35,10.62,2.96,8.93,7.8,-6.26,12.12,11.06,FMNL
