Report Date,2019-06-30 00:00:00,2019-09-30 00:00:00,2019-12-31 00:00:00,2020-03-31 00:00:00,2020-06-30 00:00:00,2020-09-30 00:00:00,2020-12-31 00:00:00,2021-03-31 00:00:00,2021-06-30 00:00:00,2021-09-30 00:00:00,Company_Name
Sales,802.39,755.06,869.01,653.67,185.31,694.49,495.59,612.43,643.24,937.64,FORCEMOT
Expenses,732.38,717.0,782.46,579.8,235.7,628.23,462.48,648.68,608.88,893.13,FORCEMOT
Other Income,15.49,17.22,-19.21,-9.79,6.1,8.73,3.19,6.87,16.48,14.59,FORCEMOT
Depreciation,45.64,47.21,49.2,52.47,39.42,46.11,44.82,43.32,41.13,44.72,FORCEMOT
Interest,6.05,6.37,7.85,7.58,7.47,7.48,8.02,5.25,7.04,8.55,FORCEMOT
Profit before tax,33.81,1.7,10.29,4.03,-91.18,21.4,-16.54,-77.95,2.67,5.83,FORCEMOT
Tax,6.84,-5.83,-5.1,-4.27,-27.96,5.12,-1.6,-27.97,1.12,2.1,FORCEMOT
Net profit,26.97,7.53,15.39,8.3,-63.22,16.28,-14.94,-49.98,1.55,3.73,FORCEMOT
Operating Profit,70.01,38.06,86.55,73.87,-50.39,66.26,33.11,-36.25,34.36,44.51,FORCEMOT
