Report Date,2019-06-30 00:00:00,2019-09-30 00:00:00,2019-12-31 00:00:00,2020-03-31 00:00:00,2020-06-30 00:00:00,2020-09-30 00:00:00,2020-12-31 00:00:00,2021-03-31 00:00:00,2021-06-30 00:00:00,2021-09-30 00:00:00,Company_Name
Sales,178.8,181.4,173.86,167.79,100.56,153.13,184.36,194.82,203.52,220.87,FORTIS
Expenses,157.14,156.43,160.71,159.62,111.22,138.21,157.26,198.26,178.7,187.99,FORTIS
Other Income,630.7,58.21,58.1,62.7,104.27,54.5,69.23,20.44,33.49,33.45,FORTIS
Depreciation,23.93,24.26,23.96,24.66,27.16,27.59,28.1,27.93,27.93,27.98,FORTIS
Interest,43.96,37.78,36.62,41.81,35.35,36.12,35.82,34.16,32.72,32.06,FORTIS
Profit before tax,584.47,21.14,10.67,4.4,31.1,5.71,32.41,-45.09,-2.34,6.29,FORTIS
Tax,112.39,34.41,-35.73,-3.72,11.2,1.56,11.16,-3.99,-0.61,2.12,FORTIS
Net profit,472.08,-13.27,46.4,8.12,19.9,4.15,21.25,-41.1,-1.73,4.17,FORTIS
Operating Profit,21.66,24.97,13.15,8.17,-10.66,14.92,27.1,-3.44,24.82,32.88,FORTIS
