Report Date,2019-06-30 00:00:00,2019-09-30 00:00:00,2019-12-31 00:00:00,2020-03-31 00:00:00,2020-06-30 00:00:00,2020-09-30 00:00:00,2020-12-31 00:00:00,2021-03-31 00:00:00,2021-06-30 00:00:00,2021-09-30 00:00:00,Company_Name
Sales,298.85,312.45,283.12,246.13,95.13,105.05,116.03,150.21,128.99,163.14,FSC
Expenses,241.66,248.41,216.98,179.87,91.66,109.86,108.5,110.92,113.45,139.51,FSC
Other Income,1.31,1.43,-43.51,-30.0,10.24,1.89,16.37,5.37,7.02,7.21,FSC
Depreciation,38.87,41.09,41.17,44.8,43.9,41.19,40.48,39.74,42.28,37.51,FSC
Interest,16.24,15.58,23.63,25.36,25.21,24.64,24.69,23.84,22.89,20.12,FSC
Profit before tax,3.39,8.8,-42.17,-33.9,-55.4,-68.75,-41.27,-18.92,-42.61,-26.79,FSC
Tax,,,,,,,,,,,FSC
Net profit,3.39,8.8,-42.17,-33.9,-55.41,-68.76,-41.28,-18.92,-42.61,-26.79,FSC
Operating Profit,57.19,64.04,66.14,66.26,3.47,-4.81,7.53,39.29,15.54,23.63,FSC
