Report Date,2019-06-30 00:00:00,2019-09-30 00:00:00,2019-12-31 00:00:00,2020-03-31 00:00:00,2020-06-30 00:00:00,2020-09-30 00:00:00,2020-12-31 00:00:00,2021-03-31 00:00:00,2021-06-30 00:00:00,2021-09-30 00:00:00,Company_Name
Sales,207.56,220.62,251.84,259.9,250.96,299.6,368.45,405.73,401.75,408.0,FSL
Expenses,138.02,170.16,180.49,183.79,166.48,188.87,225.44,251.74,261.33,262.02,FSL
Other Income,4.74,4.6,13.63,7.83,5.27,7.11,7.28,8.56,7.34,8.19,FSL
Depreciation,16.2,17.07,18.23,19.08,19.11,20.26,19.9,20.52,21.87,21.79,FSL
Interest,3.48,3.84,4.58,3.78,3.74,3.69,3.69,4.18,5.5,5.28,FSL
Profit before tax,54.6,34.15,62.17,61.08,66.9,93.89,126.7,137.85,120.39,127.1,FSL
Tax,6.04,4.14,9.72,10.08,6.13,9.97,19.52,23.04,18.93,16.84,FSL
Net profit,48.56,30.02,52.44,51.0,60.77,83.91,107.17,114.81,101.47,110.27,FSL
Operating Profit,69.54,50.46,71.35,76.11,84.48,110.73,143.01,153.99,140.42,145.98,FSL
