Report Date,2019-06-30 00:00:00,2019-09-30 00:00:00,2019-12-31 00:00:00,2020-03-31 00:00:00,2020-06-30 00:00:00,2020-09-30 00:00:00,2020-12-31 00:00:00,2021-03-31 00:00:00,2021-06-30 00:00:00,2021-09-30 00:00:00,Company_Name
Sales,18310.6,18039.92,17767.32,17753.12,12086.9,13642.74,15454.29,15546.22,17383.9,21510.98,GAIL
Expenses,16051.64,16477.23,15694.95,15176.13,11464.26,12304.6,13534.77,12981.39,14972.62,18035.9,GAIL
Other Income,151.18,440.07,312.37,513.22,241.34,723.92,470.79,568.41,197.58,773.99,GAIL
Depreciation,405.71,439.75,488.95,501.58,458.29,484.29,489.5,475.8,508.57,524.37,GAIL
Interest,23.91,27.5,24.16,32.93,49.5,27.43,33.12,45.85,46.56,42.4,GAIL
Profit before tax,1980.52,1535.51,1871.63,2555.7,356.19,1550.34,1867.69,2611.59,2053.73,3682.3,GAIL
Tax,692.99,471.26,620.98,-462.5,100.68,310.67,380.36,703.92,523.81,819.35,GAIL
Net profit,1287.53,1064.25,1250.65,3018.2,255.51,1239.67,1487.33,1907.67,1529.92,2862.95,GAIL
Operating Profit,2258.96,1562.69,2072.37,2576.99,622.64,1338.14,1919.52,2564.83,2411.28,3475.08,GAIL
