Report Date,2019-06-30 00:00:00,2019-09-30 00:00:00,2019-12-31 00:00:00,2020-03-31 00:00:00,2020-06-30 00:00:00,2020-09-30 00:00:00,2020-12-31 00:00:00,2021-03-31 00:00:00,2021-06-30 00:00:00,2021-09-30 00:00:00,Company_Name
Sales,243.36,235.63,208.17,201.67,69.34,198.02,234.54,249.24,198.61,248.12,GANECOS
Expenses,210.91,204.68,177.77,183.68,72.72,175.17,202.42,216.11,175.61,218.6,GANECOS
Other Income,1.55,1.74,2.79,1.42,4.02,1.73,3.96,1.06,-22.2,3.48,GANECOS
Depreciation,6.93,7.04,7.05,7.04,6.57,6.65,6.84,7.11,7.08,7.05,GANECOS
Interest,2.29,1.29,2.51,1.68,2.06,2.08,2.36,2.21,3.03,1.91,GANECOS
Profit before tax,24.78,24.36,23.63,10.69,-7.99,15.85,26.88,24.87,-9.31,24.04,GANECOS
Tax,8.69,8.58,7.89,-5.56,-1.96,3.73,6.26,6.4,2.29,6.12,GANECOS
Net profit,16.09,15.79,15.75,16.26,-6.03,12.12,20.62,18.47,-11.6,17.92,GANECOS
Operating Profit,32.45,30.95,30.4,17.99,-3.38,22.85,32.12,33.13,23.0,29.52,GANECOS
