Report Date,2019-06-30 00:00:00,2019-09-30 00:00:00,2019-12-31 00:00:00,2020-03-31 00:00:00,2020-06-30 00:00:00,2020-09-30 00:00:00,2020-12-31 00:00:00,2021-03-31 00:00:00,2021-06-30 00:00:00,2021-09-30 00:00:00,Company_Name
Sales,70.12,76.69,40.79,66.33,31.35,80.11,80.68,93.57,84.82,114.71,GENUSPAPER
Expenses,62.64,68.64,36.18,59.31,32.46,71.84,71.34,84.27,76.16,114.14,GENUSPAPER
Other Income,,,,,,,,0.95,,,GENUSPAPER
Depreciation,3.18,3.66,3.47,3.0,3.23,3.12,3.19,3.17,3.18,3.17,GENUSPAPER
Interest,0.91,0.85,0.71,2.8,1.27,1.37,0.81,0.46,1.0,0.74,GENUSPAPER
Profit before tax,3.39,3.54,0.43,1.22,-5.61,3.78,5.34,6.62,4.48,-3.34,GENUSPAPER
Tax,1.27,-2.13,0.26,0.26,-0.13,-0.08,1.19,1.48,1.2,-0.84,GENUSPAPER
Net profit,2.11,5.68,0.17,0.95,-5.49,3.86,4.16,5.16,3.29,-2.51,GENUSPAPER
Operating Profit,7.48,8.05,4.61,7.02,-1.11,8.27,9.34,9.3,8.66,0.57,GENUSPAPER
