Report Date,2019-06-30 00:00:00,2019-09-30 00:00:00,2019-12-31 00:00:00,2020-03-31 00:00:00,2020-06-30 00:00:00,2020-09-30 00:00:00,2020-12-31 00:00:00,2021-03-31 00:00:00,2021-06-30 00:00:00,2021-09-30 00:00:00,Company_Name
Sales,68.06,68.45,72.27,76.68,86.16,102.79,98.54,115.69,115.32,124.54,GEOJITFSL
Expenses,51.85,49.45,47.98,48.69,49.67,57.01,56.22,65.5,62.22,65.37,GEOJITFSL
Other Income,-9.88,0.15,0.52,0.43,0.17,0.2,0.75,1.16,0.26,0.3,GEOJITFSL
Depreciation,4.74,5.29,6.98,6.66,5.79,5.38,5.3,5.61,5.47,6.01,GEOJITFSL
Interest,0.25,0.43,1.61,0.65,0.79,0.69,0.66,0.88,0.67,1.06,GEOJITFSL
Profit before tax,1.34,13.43,16.22,21.11,30.08,39.91,37.11,44.86,47.22,52.4,GEOJITFSL
Tax,4.41,3.27,2.05,4.63,7.75,10.19,9.41,10.73,12.16,12.76,GEOJITFSL
Net profit,-3.07,10.16,14.17,16.48,22.33,29.72,27.69,34.12,35.07,39.64,GEOJITFSL
Operating Profit,16.21,19.0,24.29,27.99,36.49,45.78,42.32,50.19,53.1,59.17,GEOJITFSL
