Report Date,2019-06-30 00:00:00,2019-09-30 00:00:00,2019-12-31 00:00:00,2020-03-31 00:00:00,2020-06-30 00:00:00,2020-09-30 00:00:00,2020-12-31 00:00:00,2021-03-31 00:00:00,2021-06-30 00:00:00,2021-09-30 00:00:00,Company_Name
Sales,,11.12,5.89,0.34,0.36,0.33,0.24,0.11,0.01,0.39,GFLLIMITED
Expenses,0.12,1.28,1.73,0.18,29.38,0.87,0.75,0.33,0.35,0.36,GFLLIMITED
Other Income,12.1,,6.88,1.07,-0.53,,-0.16,-0.24,,,GFLLIMITED
Depreciation,,,,,,,,,,,GFLLIMITED
Interest,,,,,,,,,0.02,0.01,GFLLIMITED
Profit before tax,11.98,9.84,11.04,1.23,-29.55,-0.54,-0.67,-0.46,-0.36,0.02,GFLLIMITED
Tax,4.19,1.41,0.01,0.04,-0.02,-0.01,-0.01,0.04,,-0.01,GFLLIMITED
Net profit,7.79,8.43,11.03,1.19,-29.53,-0.53,-0.66,-0.5,-0.36,0.03,GFLLIMITED
Operating Profit,-0.12,9.84,4.16,0.16,-29.02,-0.54,-0.51,-0.22,-0.34,0.03,GFLLIMITED
