Report Date,2019-06-30 00:00:00,2019-09-30 00:00:00,2019-12-31 00:00:00,2020-03-31 00:00:00,2020-06-30 00:00:00,2020-09-30 00:00:00,2020-12-31 00:00:00,2021-03-31 00:00:00,2021-06-30 00:00:00,2021-09-30 00:00:00,Company_Name
Sales,18139.03,13706.17,9847.47,9578.26,14804.66,12258.7,11763.63,9859.76,13149.01,13079.98,GICRE
Expenses,18039.62,14422.81,10994.81,8805.17,15701.95,11637.35,10259.92,7722.02,14510.16,11887.79,GICRE
Other Income,39.5,96.61,81.41,328.0,86.07,-209.07,13.13,-92.26,194.43,21.56,GICRE
Depreciation,,,,,,,,,,,GICRE
Interest,,,,,,,,,,,GICRE
Profit before tax,138.91,-620.03,-1065.93,1101.09,-811.22,412.28,1516.84,2045.48,-1166.72,1213.75,GICRE
Tax,30.31,-24.58,3.71,-96.32,-253.75,182.23,529.42,785.04,-394.99,203.2,GICRE
Net profit,108.6,-595.45,-1069.64,1197.41,-557.47,230.05,987.42,1260.44,-771.73,1010.55,GICRE
Operating Profit,99.41,-716.64,-1147.34,773.09,-897.29,621.35,1503.71,2137.74,-1361.15,1192.19,GICRE
