Report Date,2019-06-30 00:00:00,2019-09-30 00:00:00,2019-12-31 00:00:00,2020-03-31 00:00:00,2020-06-30 00:00:00,2020-09-30 00:00:00,2020-12-31 00:00:00,2021-03-31 00:00:00,2021-06-30 00:00:00,2021-09-30 00:00:00,Company_Name
Sales,463.97,462.2,459.31,406.57,350.98,516.4,520.42,536.62,435.98,573.31,GILLETTE
Expenses,433.98,364.29,359.36,326.13,270.24,384.0,385.24,396.01,383.67,448.33,GILLETTE
Other Income,2.42,1.68,4.37,3.61,1.76,3.5,3.79,21.02,3.42,3.21,GILLETTE
Depreciation,12.69,12.19,12.52,12.93,13.41,13.37,13.79,14.94,15.42,15.81,GILLETTE
Interest,3.92,0.8,1.88,0.37,2.39,0.25,1.96,0.47,2.57,0.33,GILLETTE
Profit before tax,15.8,86.6,89.92,70.75,66.7,122.28,123.22,146.22,37.74,112.05,GILLETTE
Tax,-30.02,24.84,18.85,18.37,21.73,26.99,41.32,40.56,10.21,30.12,GILLETTE
Net profit,45.82,61.76,71.07,52.38,44.97,95.29,81.9,105.66,27.53,81.93,GILLETTE
Operating Profit,29.99,97.91,99.95,80.44,80.74,132.4,135.18,140.61,52.31,124.98,GILLETTE
