Report Date,2019-06-30 00:00:00,2019-09-30 00:00:00,2019-12-31 00:00:00,2020-03-31 00:00:00,2020-06-30 00:00:00,2020-09-30 00:00:00,2020-12-31 00:00:00,2021-03-31 00:00:00,2021-06-30 00:00:00,2021-09-30 00:00:00,Company_Name
Sales,195.22,189.79,209.6,193.75,128.46,194.08,217.13,238.74,217.64,245.64,GINNIFILA
Expenses,180.45,182.45,192.02,173.97,108.83,167.16,185.23,205.32,192.88,219.89,GINNIFILA
Other Income,0.7,0.93,0.66,6.36,1.67,0.38,0.46,1.01,0.49,7.79,GINNIFILA
Depreciation,6.84,6.2,6.56,6.3,6.58,6.65,6.34,5.23,6.37,6.19,GINNIFILA
Interest,8.35,7.55,8.62,8.48,7.71,7.66,6.41,5.34,4.8,5.19,GINNIFILA
Profit before tax,0.28,-5.48,3.06,11.36,7.01,12.99,19.61,23.86,14.08,22.16,GINNIFILA
Tax,0.12,-4.01,2.96,4.45,1.88,4.71,6.97,8.61,5.01,6.85,GINNIFILA
Net profit,0.16,-1.46,0.1,6.91,5.13,8.27,12.64,15.26,9.07,15.31,GINNIFILA
Operating Profit,14.77,7.34,17.58,19.78,19.63,26.92,31.9,33.42,24.76,25.75,GINNIFILA
