Report Date,2019-06-30 00:00:00,2019-09-30 00:00:00,2019-12-31 00:00:00,2020-03-31 00:00:00,2020-06-30 00:00:00,2020-09-30 00:00:00,2020-12-31 00:00:00,2021-03-31 00:00:00,2021-06-30 00:00:00,2021-09-30 00:00:00,Company_Name
Sales,133.58,107.17,114.44,101.48,64.97,66.45,78.91,84.99,78.98,71.34,GLOBALVECT
Expenses,91.59,88.88,83.61,99.15,54.23,60.34,72.03,82.86,73.52,71.54,GLOBALVECT
Other Income,2.9,1.69,1.99,20.71,1.63,2.42,12.64,12.76,1.55,15.92,GLOBALVECT
Depreciation,22.42,23.14,24.34,24.15,22.82,21.58,18.09,20.54,19.33,20.77,GLOBALVECT
Interest,7.09,6.15,6.08,4.82,4.92,4.56,4.36,3.93,3.63,3.95,GLOBALVECT
Profit before tax,15.38,-9.31,2.4,-5.93,-15.37,-17.61,-2.93,-9.58,-15.95,-9.0,GLOBALVECT
Tax,5.83,-3.59,0.8,-2.58,-5.65,-6.54,-2.1,-1.9,-5.74,-7.35,GLOBALVECT
Net profit,9.56,-5.73,1.6,-3.35,-9.71,-11.07,-0.83,-7.68,-10.2,-1.66,GLOBALVECT
Operating Profit,41.99,18.29,30.83,2.33,10.74,6.11,6.88,2.13,5.46,-0.2,GLOBALVECT
