Report Date,2019-06-30 00:00:00,2019-09-30 00:00:00,2019-12-31 00:00:00,2020-03-31 00:00:00,2020-06-30 00:00:00,2020-09-30 00:00:00,2020-12-31 00:00:00,2021-03-31 00:00:00,2021-06-30 00:00:00,2021-09-30 00:00:00,Company_Name
Sales,130.25,136.1,136.62,113.38,130.9,154.14,165.73,190.04,171.35,205.95,GMMPFAUDLR
Expenses,106.32,109.4,107.95,93.22,106.61,117.4,125.44,137.72,127.62,154.9,GMMPFAUDLR
Other Income,1.2,0.72,2.91,1.29,2.19,2.23,2.7,0.76,0.84,1.2,GMMPFAUDLR
Depreciation,4.07,4.87,5.45,5.62,5.51,5.73,10.49,7.22,7.84,8.54,GMMPFAUDLR
Interest,0.6,1.06,0.94,0.9,1.17,1.77,1.78,1.94,3.23,4.66,GMMPFAUDLR
Profit before tax,20.46,21.49,25.19,14.93,19.8,31.47,30.72,43.92,33.5,39.05,GMMPFAUDLR
Tax,5.81,3.47,5.75,4.9,3.45,6.41,8.52,12.43,7.65,9.81,GMMPFAUDLR
Net profit,14.66,18.02,19.44,10.03,16.35,25.06,22.2,31.48,25.85,29.23,GMMPFAUDLR
Operating Profit,23.93,26.7,28.67,20.16,24.29,36.74,40.29,52.32,43.73,51.05,GMMPFAUDLR
