Report Date,2019-06-30 00:00:00,2019-09-30 00:00:00,2019-12-31 00:00:00,2020-03-31 00:00:00,2020-06-30 00:00:00,2020-09-30 00:00:00,2020-12-31 00:00:00,2021-03-31 00:00:00,2021-06-30 00:00:00,2021-09-30 00:00:00,Company_Name
Sales,138.91,101.49,106.96,69.26,55.63,87.99,81.22,127.95,124.98,150.51,GOACARBON
Expenses,141.23,111.15,107.95,71.19,57.92,90.41,79.62,118.62,120.66,141.06,GOACARBON
Other Income,1.46,0.28,0.51,0.21,0.19,0.33,0.07,0.07,0.19,0.4,GOACARBON
Depreciation,0.54,0.56,0.55,0.54,0.54,0.54,0.54,0.52,0.52,0.53,GOACARBON
Interest,4.45,3.82,3.09,2.4,2.41,2.37,2.41,2.48,3.85,3.22,GOACARBON
Profit before tax,-5.85,-13.76,-4.12,-4.66,-5.05,-5.0,-1.28,6.4,0.14,6.1,GOACARBON
Tax,-0.83,0.02,,0.19,0.03,0.03,0.03,-0.19,0.02,-0.06,GOACARBON
Net profit,-5.02,-13.77,-4.12,-4.84,-5.07,-5.03,-1.31,6.6,0.12,6.16,GOACARBON
Operating Profit,-2.32,-9.66,-0.99,-1.93,-2.29,-2.42,1.6,9.33,4.32,9.45,GOACARBON
