Report Date,2019-06-30 00:00:00,2019-09-30 00:00:00,2019-12-31 00:00:00,2020-03-31 00:00:00,2020-06-30 00:00:00,2020-09-30 00:00:00,2020-12-31 00:00:00,2021-03-31 00:00:00,2021-06-30 00:00:00,2021-09-30 00:00:00,Company_Name
Sales,797.47,712.86,752.19,590.73,405.35,691.14,692.39,700.77,606.72,639.71,GODFRYPHLP
Expenses,599.79,569.87,590.77,500.74,347.25,546.5,536.08,543.42,462.83,496.29,GODFRYPHLP
Other Income,17.1,31.13,27.76,30.34,40.9,23.77,36.15,16.88,25.32,34.46,GODFRYPHLP
Depreciation,34.79,34.8,35.94,46.85,33.46,33.4,33.16,38.43,34.25,34.86,GODFRYPHLP
Interest,7.35,7.81,7.66,7.31,7.29,7.06,6.95,9.4,7.41,7.55,GODFRYPHLP
Profit before tax,172.64,131.51,145.58,66.17,58.25,127.95,152.35,126.4,127.55,135.47,GODFRYPHLP
Tax,57.76,16.2,36.15,17.91,6.48,32.37,38.19,30.97,19.46,33.48,GODFRYPHLP
Net profit,114.88,115.31,109.43,48.26,51.77,95.58,114.16,95.43,108.09,101.99,GODFRYPHLP
Operating Profit,197.68,142.99,161.42,89.99,58.1,144.64,156.31,157.35,143.89,143.42,GODFRYPHLP
