Report Date,2019-06-30 00:00:00,2019-09-30 00:00:00,2019-12-31 00:00:00,2020-03-31 00:00:00,2020-06-30 00:00:00,2020-09-30 00:00:00,2020-12-31 00:00:00,2021-03-31 00:00:00,2021-06-30 00:00:00,2021-09-30 00:00:00,Company_Name
Sales,478.24,542.77,481.62,466.18,267.45,536.83,503.7,547.55,664.05,888.35,GODREJIND
Expenses,409.69,435.53,424.3,407.51,278.42,440.93,475.81,523.6,630.01,737.85,GODREJIND
Other Income,0.57,1.94,20.69,13.42,8.66,20.02,17.22,19.42,26.97,15.02,GODREJIND
Depreciation,17.29,16.04,17.56,17.73,17.12,17.75,18.23,19.08,18.55,18.77,GODREJIND
Interest,63.89,59.69,52.01,53.4,51.63,58.31,61.77,65.8,78.78,87.55,GODREJIND
Profit before tax,-12.06,33.45,8.44,0.96,-71.06,39.86,-34.89,-41.51,-36.32,59.2,GODREJIND
Tax,,,,-0.12,,,,-0.06,,,GODREJIND
Net profit,-12.06,33.45,8.44,1.08,-71.06,39.86,-34.89,-41.45,-36.32,59.2,GODREJIND
Operating Profit,68.55,107.24,57.32,58.67,-10.97,95.9,27.89,23.95,34.04,150.5,GODREJIND
