Report Date,2019-06-30 00:00:00,2019-09-30 00:00:00,2019-12-31 00:00:00,2020-03-31 00:00:00,2020-06-30 00:00:00,2020-09-30 00:00:00,2020-12-31 00:00:00,2021-03-31 00:00:00,2021-06-30 00:00:00,2021-09-30 00:00:00,Company_Name
Sales,897.0,833.0,597.0,548.0,350.0,473.0,453.0,563.0,543.0,654.0,GRAPHITE
Expenses,637.0,716.0,1090.0,527.0,422.0,508.0,458.0,435.0,407.0,530.0,GRAPHITE
Other Income,54.0,43.0,42.0,18.0,67.0,47.0,139.0,53.0,76.0,68.0,GRAPHITE
Depreciation,11.0,11.0,11.0,11.0,11.0,11.0,11.0,12.0,12.0,11.0,GRAPHITE
Interest,5.0,4.0,4.0,4.0,2.0,2.0,1.0,1.0,1.0,,GRAPHITE
Profit before tax,298.0,145.0,-466.0,24.0,-18.0,-1.0,122.0,168.0,199.0,181.0,GRAPHITE
Tax,103.0,-22.0,-110.0,-1.0,-5.0,-6.0,29.0,54.0,42.0,41.0,GRAPHITE
Net profit,195.0,167.0,-356.0,25.0,-13.0,5.0,93.0,114.0,157.0,140.0,GRAPHITE
Operating Profit,260.0,117.0,-493.0,21.0,-72.0,-35.0,-5.0,128.0,136.0,124.0,GRAPHITE
