Report Date,2019-06-30 00:00:00,2019-09-30 00:00:00,2019-12-31 00:00:00,2020-03-31 00:00:00,2020-06-30 00:00:00,2020-09-30 00:00:00,2020-12-31 00:00:00,2021-03-31 00:00:00,2021-06-30 00:00:00,2021-09-30 00:00:00,Company_Name
Sales,5000.58,4795.08,3857.9,3712.12,1335.68,2959.9,3696.61,4394.25,3762.68,4933.03,GRASIM
Expenses,4156.87,4136.46,3477.87,3386.25,1561.36,2625.32,3052.09,3583.36,3022.45,4131.85,GRASIM
Other Income,-205.49,286.91,71.22,99.55,70.04,303.29,90.87,63.04,100.57,734.69,GRASIM
Depreciation,203.22,208.51,198.47,212.05,202.91,205.64,205.11,214.51,201.78,207.48,GRASIM
Interest,78.04,86.06,45.95,64.27,65.77,64.91,51.64,53.64,58.11,55.08,GRASIM
Profit before tax,356.96,650.96,206.83,149.1,-424.32,367.32,478.64,605.78,580.91,1273.31,GRASIM
Tax,155.26,124.47,22.16,-204.7,-141.38,17.45,120.77,125.59,99.32,294.17,GRASIM
Net profit,201.7,526.49,184.67,353.8,-282.94,349.87,357.87,480.19,481.59,979.14,GRASIM
Operating Profit,843.71,658.62,380.03,325.87,-225.68,334.58,644.52,810.89,740.23,801.18,GRASIM
