Report Date,2019-06-30 00:00:00,2019-09-30 00:00:00,2019-12-31 00:00:00,2020-03-31 00:00:00,2020-06-30 00:00:00,2020-09-30 00:00:00,2020-12-31 00:00:00,2021-03-31 00:00:00,2021-06-30 00:00:00,2021-09-30 00:00:00,Company_Name
Sales,231.16,283.85,325.49,331.88,220.45,289.76,329.3,386.91,394.28,470.82,GRAVITA
Expenses,218.33,271.76,300.41,319.5,215.11,277.37,305.88,367.28,380.02,450.24,GRAVITA
Other Income,0.62,0.37,0.6,-2.64,5.49,7.98,-2.68,1.48,2.55,0.68,GRAVITA
Depreciation,2.12,2.21,2.15,2.13,2.09,2.12,2.2,2.15,2.1,2.15,GRAVITA
Interest,5.51,6.53,6.47,6.04,6.43,5.12,6.38,6.19,4.77,5.11,GRAVITA
Profit before tax,5.82,3.72,17.06,1.57,2.31,13.13,12.16,12.77,9.94,14.0,GRAVITA
Tax,1.73,1.05,6.46,-3.49,0.32,5.25,2.17,0.47,1.59,2.58,GRAVITA
Net profit,4.09,2.67,10.61,5.06,1.99,7.88,9.99,12.3,8.35,11.42,GRAVITA
Operating Profit,12.83,12.09,25.08,12.38,5.34,12.39,23.42,19.63,14.26,20.58,GRAVITA
