Report Date,2019-06-30 00:00:00,2019-09-30 00:00:00,2019-12-31 00:00:00,2020-03-31 00:00:00,2020-06-30 00:00:00,2020-09-30 00:00:00,2020-12-31 00:00:00,2021-03-31 00:00:00,2021-06-30 00:00:00,2021-09-30 00:00:00,Company_Name
Sales,203.74,185.5,234.12,236.44,90.16,224.38,316.64,388.79,308.03,421.91,GREENPANEL
Expenses,176.84,155.22,198.59,193.85,97.06,179.7,246.86,291.53,242.05,315.06,GREENPANEL
Other Income,0.63,0.7,-0.16,-9.97,0.49,0.03,0.34,1.72,0.62,2.07,GREENPANEL
Depreciation,15.39,17.37,16.44,16.17,15.98,16.12,16.1,15.66,15.96,18.04,GREENPANEL
Interest,8.59,5.64,16.91,16.52,13.48,12.53,12.96,-3.77,10.47,1.59,GREENPANEL
Profit before tax,3.55,7.97,2.02,-0.07,-35.87,16.06,41.06,87.09,40.17,89.29,GREENPANEL
Tax,0.84,2.46,0.71,-6.77,-1.81,-2.0,6.76,29.22,11.6,27.14,GREENPANEL
Net profit,2.7,5.5,1.31,6.69,-34.07,18.06,34.31,57.87,28.57,62.15,GREENPANEL
Operating Profit,26.9,30.28,35.53,42.59,-6.9,44.68,69.78,97.26,65.98,106.85,GREENPANEL
