Report Date,2019-06-30 00:00:00,2019-09-30 00:00:00,2019-12-31 00:00:00,2020-03-31 00:00:00,2020-06-30 00:00:00,2020-09-30 00:00:00,2020-12-31 00:00:00,2021-03-31 00:00:00,2021-06-30 00:00:00,2021-09-30 00:00:00,Company_Name
Sales,406.46,387.9,400.31,357.68,230.4,437.79,457.2,507.51,437.58,512.41,GRINDWELL
Expenses,338.77,324.85,336.53,300.06,211.15,345.92,358.51,393.52,349.41,410.55,GRINDWELL
Other Income,11.87,10.75,9.55,14.0,25.98,7.61,4.94,12.44,14.23,10.09,GRINDWELL
Depreciation,13.5,13.6,13.86,13.7,12.03,13.29,13.32,13.25,13.39,12.75,GRINDWELL
Interest,1.03,0.86,0.96,1.43,0.76,0.66,0.78,1.04,0.51,0.65,GRINDWELL
Profit before tax,65.03,59.34,58.51,56.49,32.44,85.53,89.53,112.14,88.5,98.55,GRINDWELL
Tax,22.91,7.5,14.18,11.83,3.95,21.87,22.66,29.08,22.66,25.24,GRINDWELL
Net profit,42.12,51.84,44.33,44.66,28.49,63.66,66.87,83.06,65.84,73.31,GRINDWELL
Operating Profit,67.69,63.05,63.78,57.62,19.25,91.87,98.69,113.99,88.17,101.86,GRINDWELL
