Report Date,2019-06-30 00:00:00,2019-09-30 00:00:00,2019-12-31 00:00:00,2020-03-31 00:00:00,2020-06-30 00:00:00,2020-09-30 00:00:00,2020-12-31 00:00:00,2021-03-31 00:00:00,2021-06-30 00:00:00,2021-09-30 00:00:00,Company_Name
Sales,133.81,139.36,143.2,151.32,146.51,153.33,158.78,156.94,152.77,157.15,HATHWAY
Expenses,95.56,109.9,113.27,117.41,99.65,105.26,100.12,110.07,93.15,122.15,HATHWAY
Other Income,57.68,68.12,62.19,56.43,67.13,35.15,22.6,8.5,11.26,25.61,HATHWAY
Depreciation,29.12,54.65,35.75,32.67,39.32,42.31,43.94,44.82,44.21,45.12,HATHWAY
Interest,37.3,29.66,27.63,21.51,16.32,3.51,0.02,,0.04,,HATHWAY
Profit before tax,29.51,13.27,28.74,36.16,58.35,37.4,37.3,10.55,26.63,15.49,HATHWAY
Tax,9.99,10.0,47.97,23.08,13.98,10.11,14.37,-6.01,6.89,4.18,HATHWAY
Net profit,19.52,3.27,-19.23,13.08,44.37,27.29,22.93,16.56,19.74,11.31,HATHWAY
Operating Profit,38.25,29.46,29.93,33.91,46.86,48.07,58.66,46.87,59.62,35.0,HATHWAY
