Report Date,2019-06-30 00:00:00,2019-09-30 00:00:00,2019-12-31 00:00:00,2020-03-31 00:00:00,2020-06-30 00:00:00,2020-09-30 00:00:00,2020-12-31 00:00:00,2021-03-31 00:00:00,2021-06-30 00:00:00,2021-09-30 00:00:00,Company_Name
Sales,980.35,935.51,948.47,779.36,453.72,454.57,814.65,865.07,1007.16,932.49,HCC
Expenses,786.91,761.16,747.1,886.36,340.59,416.84,698.63,836.12,835.08,888.13,HCC
Other Income,6.55,10.45,338.51,-3.11,-233.84,-72.85,7.67,81.42,11.17,52.06,HCC
Depreciation,30.89,30.01,27.15,21.32,19.92,23.89,23.11,24.14,24.28,22.62,HCC
Interest,172.26,184.04,171.44,218.41,197.03,195.12,212.72,225.02,225.35,232.51,HCC
Profit before tax,-3.16,-29.25,341.29,-349.84,-337.66,-254.13,-112.14,-138.79,-66.38,-158.71,HCC
Tax,2.21,144.42,119.07,-137.94,-120.3,-74.21,-33.16,-48.6,-23.17,0.57,HCC
Net profit,-5.37,-173.67,222.22,-211.9,-217.36,-179.92,-78.98,-90.19,-43.21,-159.28,HCC
Operating Profit,193.44,174.35,201.37,-107.0,113.13,37.73,116.02,28.95,172.08,44.36,HCC
