Report Date,2019-06-30 00:00:00,2019-09-30 00:00:00,2019-12-31 00:00:00,2020-03-31 00:00:00,2020-06-30 00:00:00,2020-09-30 00:00:00,2020-12-31 00:00:00,2021-03-31 00:00:00,2021-06-30 00:00:00,2021-09-30 00:00:00,Company_Name
Sales,504.39,498.0,524.73,476.13,411.49,456.25,481.86,502.93,507.08,542.33,HDFCAMC
Expenses,108.66,106.8,111.12,104.45,95.01,90.73,96.09,106.6,126.13,131.23,HDFCAMC
Other Income,48.36,51.07,67.26,-26.51,79.82,113.7,113.05,42.64,100.91,66.07,HDFCAMC
Depreciation,11.88,12.46,12.64,13.39,13.73,14.06,14.0,13.62,13.51,13.59,HDFCAMC
Interest,2.29,2.28,2.2,2.21,2.2,2.21,2.2,2.34,2.23,2.21,HDFCAMC
Profit before tax,429.92,427.53,466.03,329.57,380.37,462.95,482.62,423.01,466.12,461.37,HDFCAMC
Tax,138.13,59.29,113.48,79.74,78.01,124.89,113.36,106.93,120.67,116.99,HDFCAMC
Net profit,291.79,368.24,352.55,249.83,302.36,338.06,369.26,316.08,345.45,344.38,HDFCAMC
Operating Profit,395.73,391.2,413.61,371.68,316.48,365.52,385.77,396.33,380.95,411.1,HDFCAMC
