Report Date,2019-06-30 00:00:00,2019-09-30 00:00:00,2019-12-31 00:00:00,2020-03-31 00:00:00,2020-06-30 00:00:00,2020-09-30 00:00:00,2020-12-31 00:00:00,2021-03-31 00:00:00,2021-06-30 00:00:00,2021-09-30 00:00:00,Company_Name
Sales,8030.27,7570.7,6996.73,6238.39,2971.54,9367.34,9775.77,8685.97,5487.07,8453.4,HEROMOTOCO
Expenses,6872.28,6469.58,5957.76,5578.51,2863.49,8080.93,8362.14,7474.82,4972.24,7387.04,HEROMOTOCO
Other Income,956.31,147.72,182.21,169.47,148.46,141.33,202.68,87.38,138.59,156.93,HEROMOTOCO
Depreciation,236.1,203.43,203.73,174.7,170.76,173.15,169.84,163.12,162.98,163.87,HEROMOTOCO
Interest,4.37,7.67,5.92,4.06,6.26,4.64,4.65,6.29,6.09,6.54,HEROMOTOCO
Profit before tax,1873.83,1037.74,1011.53,650.59,79.49,1249.95,1441.82,1129.12,484.35,1052.88,HEROMOTOCO
Tax,616.49,162.94,131.12,29.88,18.18,296.5,357.35,264.15,118.91,258.48,HEROMOTOCO
Net profit,1257.34,874.8,880.41,620.71,61.31,953.45,1084.47,864.97,365.44,794.4,HEROMOTOCO
Operating Profit,1157.99,1101.12,1038.97,659.88,108.05,1286.41,1413.63,1211.15,514.83,1066.36,HEROMOTOCO
