Report Date,2019-06-30 00:00:00,2019-09-30 00:00:00,2019-12-31 00:00:00,2020-03-31 00:00:00,2020-06-30 00:00:00,2020-09-30 00:00:00,2020-12-31 00:00:00,2021-03-31 00:00:00,2021-06-30 00:00:00,2021-09-30 00:00:00,Company_Name
Sales,526.11,474.19,572.98,622.86,297.93,467.4,734.35,1027.83,911.73,749.61,HGINFRA
Expenses,446.59,400.87,484.82,521.47,248.79,390.47,616.24,861.34,763.19,627.79,HGINFRA
Other Income,3.05,2.94,3.87,3.79,2.65,1.6,3.44,7.74,3.39,5.12,HGINFRA
Depreciation,17.61,18.13,19.07,20.82,19.47,20.84,21.56,22.57,20.3,21.27,HGINFRA
Interest,12.27,10.75,13.47,15.86,12.18,13.76,14.37,19.24,11.89,12.5,HGINFRA
Profit before tax,52.69,47.38,59.49,68.5,20.14,43.93,85.62,132.42,119.74,93.17,HGINFRA
Tax,18.29,8.83,17.97,17.25,5.05,11.27,20.07,34.76,30.82,23.32,HGINFRA
Net profit,34.4,38.55,41.52,51.25,15.09,32.66,65.55,97.66,88.92,69.84,HGINFRA
Operating Profit,79.52,73.32,88.16,101.39,49.14,76.93,118.11,166.49,148.54,121.82,HGINFRA
