Report Date,2019-06-30 00:00:00,2019-09-30 00:00:00,2019-12-31 00:00:00,2020-03-31 00:00:00,2020-06-30 00:00:00,2020-09-30 00:00:00,2020-12-31 00:00:00,2021-03-31 00:00:00,2021-06-30 00:00:00,2021-09-30 00:00:00,Company_Name
Sales,448.1,445.85,431.22,301.26,141.61,391.42,559.29,589.59,694.7,691.83,HIMATSEIDE
Expenses,321.28,325.11,323.5,245.48,163.5,310.14,413.8,488.42,555.82,566.35,HIMATSEIDE
Other Income,10.48,16.23,-8.32,31.79,9.4,11.77,4.91,1.97,4.58,3.33,HIMATSEIDE
Depreciation,18.6,17.42,26.51,28.58,26.41,28.25,27.21,26.99,26.85,28.98,HIMATSEIDE
Interest,31.39,34.99,40.57,44.7,37.91,38.04,36.01,31.96,33.35,32.65,HIMATSEIDE
Profit before tax,87.31,84.56,32.32,14.29,-76.81,26.76,87.18,44.19,83.26,67.18,HIMATSEIDE
Tax,30.01,27.0,11.17,3.65,-24.21,6.39,29.58,15.81,24.98,15.31,HIMATSEIDE
Net profit,57.3,57.56,21.15,10.64,-52.6,20.37,57.6,28.38,58.28,51.87,HIMATSEIDE
Operating Profit,126.82,120.74,107.72,55.78,-21.89,81.28,145.49,101.17,138.88,125.48,HIMATSEIDE
