Report Date,2019-06-30 00:00:00,2019-09-30 00:00:00,2019-12-31 00:00:00,2020-03-31 00:00:00,2020-06-30 00:00:00,2020-09-30 00:00:00,2020-12-31 00:00:00,2021-03-31 00:00:00,2021-06-30 00:00:00,2021-09-30 00:00:00,Company_Name
Sales,49.35,56.86,45.18,28.45,21.73,30.16,24.18,23.36,24.97,31.05,HINDOILEXP
Expenses,14.53,18.88,12.88,11.38,8.81,16.38,12.55,11.85,10.62,13.81,HINDOILEXP
Other Income,4.02,8.99,27.79,6.99,5.38,3.09,2.53,28.41,2.59,6.18,HINDOILEXP
Depreciation,6.76,6.94,6.29,3.93,4.13,5.14,4.97,4.34,3.72,4.5,HINDOILEXP
Interest,1.3,1.3,1.3,1.3,1.4,1.4,1.4,1.4,1.51,1.51,HINDOILEXP
Profit before tax,30.78,38.73,52.5,18.83,12.77,10.33,7.79,34.18,11.71,17.41,HINDOILEXP
Tax,,,,,,,,,,,HINDOILEXP
Net profit,30.78,38.72,52.5,18.83,12.77,10.33,7.79,34.17,11.71,17.41,HINDOILEXP
Operating Profit,34.82,37.98,32.3,17.07,12.92,13.78,11.63,11.51,14.35,17.24,HINDOILEXP
