Report Date,2019-06-30 00:00:00,2019-09-30 00:00:00,2019-12-31 00:00:00,2020-03-31 00:00:00,2020-06-30 00:00:00,2020-09-30 00:00:00,2020-12-31 00:00:00,2021-03-31 00:00:00,2021-06-30 00:00:00,2021-09-30 00:00:00,Company_Name
Sales,616.58,566.42,566.37,537.0,294.86,490.1,521.62,592.37,424.96,493.55,HINDNATGLS
Expenses,550.17,509.94,508.91,474.08,297.26,491.54,512.89,568.04,413.59,484.32,HINDNATGLS
Other Income,1.76,11.16,16.67,5.64,1.51,2.51,2.35,5.22,3.01,13.87,HINDNATGLS
Depreciation,37.74,37.26,35.69,37.77,34.53,33.57,31.84,34.52,30.36,29.77,HINDNATGLS
Interest,55.65,60.15,58.17,59.2,55.38,53.11,52.48,49.52,51.55,51.55,HINDNATGLS
Profit before tax,-25.22,-29.77,-19.73,-28.41,-90.8,-85.61,-73.24,-54.49,-67.53,-58.22,HINDNATGLS
Tax,0.04,0.03,-0.11,-0.05,,,,,,-0.03,HINDNATGLS
Net profit,-25.26,-29.8,-19.62,-28.36,-90.8,-85.61,-73.24,-54.49,-67.53,-58.19,HINDNATGLS
Operating Profit,66.41,56.48,57.46,62.92,-2.4,-1.44,8.73,24.33,11.37,9.23,HINDNATGLS
