Report Date,2019-06-30 00:00:00,2019-09-30 00:00:00,2019-12-31 00:00:00,2020-03-31 00:00:00,2020-06-30 00:00:00,2020-09-30 00:00:00,2020-12-31 00:00:00,2021-03-31 00:00:00,2021-06-30 00:00:00,2021-09-30 00:00:00,Company_Name
Sales,68.35,83.18,70.2,77.89,47.62,100.91,81.0,75.57,73.45,102.12,HIRECT
Expenses,58.66,69.73,61.97,72.11,44.35,93.67,76.15,71.39,68.36,94.67,HIRECT
Other Income,0.04,0.02,0.19,0.23,0.14,0.09,0.04,0.1,0.05,0.1,HIRECT
Depreciation,0.97,0.96,1.0,1.14,0.91,0.91,0.96,1.05,1.06,1.08,HIRECT
Interest,1.41,1.8,2.16,1.94,1.97,2.39,2.26,2.1,1.77,1.68,HIRECT
Profit before tax,7.35,10.71,5.26,2.93,0.53,4.03,1.67,1.13,2.31,4.79,HIRECT
Tax,2.15,3.19,1.58,0.86,0.16,1.17,0.42,0.27,0.77,1.41,HIRECT
Net profit,5.2,7.52,3.69,2.07,0.37,2.86,1.25,0.85,1.55,3.38,HIRECT
Operating Profit,9.69,13.45,8.23,5.78,3.27,7.24,4.85,4.18,5.09,7.45,HIRECT
