Report Date,Unnamed: 1,Unnamed: 2,2019-12-31 00:00:00,2020-03-31 00:00:00,2020-06-30 00:00:00,2020-09-30 00:00:00,2020-12-31 00:00:00,2021-03-31 00:00:00,2021-06-30 00:00:00,2021-09-30 00:00:00,Company_Name
Sales,,,114.77,100.61,131.43,108.8,108.16,131.84,141.77,146.14,HOMEFIRST
Expenses,,,27.1,36.38,24.89,32.63,32.97,36.72,39.09,31.52,HOMEFIRST
Other Income,,,5.96,5.17,2.8,0.01,2.3,3.7,0.01,,HOMEFIRST
Depreciation,,,1.92,2.08,1.96,1.94,1.89,1.83,1.88,1.91,HOMEFIRST
Interest,,,51.1,50.9,54.62,56.67,54.4,54.47,53.18,56.41,HOMEFIRST
Profit before tax,,,40.61,16.42,52.76,17.57,21.2,42.52,47.63,56.3,HOMEFIRST
Tax,,,10.55,3.95,14.14,3.23,5.29,11.23,12.52,11.45,HOMEFIRST
Net profit,,,30.06,12.47,38.61,14.33,15.91,31.29,35.11,44.87,HOMEFIRST
Operating Profit,,,87.67,64.23,106.54,76.17,75.19,95.12,102.68,114.62,HOMEFIRST
