Report Date,2019-06-30 00:00:00,2019-09-30 00:00:00,2019-12-31 00:00:00,2020-03-31 00:00:00,2020-06-30 00:00:00,2020-09-30 00:00:00,2020-12-31 00:00:00,2021-03-31 00:00:00,2021-06-30 00:00:00,2021-09-30 00:00:00,Company_Name
Sales,2.75,2.65,2.83,2.73,2.48,2.35,2.55,2.28,2.46,2.45,HOVS
Expenses,2.3,2.1,2.27,2.02,1.76,2.03,1.94,1.59,1.89,1.92,HOVS
Other Income,0.2,0.29,-35.65,-24.29,45.34,-22.69,3.57,35.43,0.33,-5.16,HOVS
Depreciation,0.14,0.14,0.14,0.14,0.16,0.15,0.16,0.15,0.16,0.16,HOVS
Interest,0.04,0.04,0.04,0.04,0.04,0.04,0.04,-0.01,0.03,0.03,HOVS
Profit before tax,0.47,0.66,-35.27,-23.76,45.86,-22.56,3.98,35.98,0.71,-4.82,HOVS
Tax,0.14,0.18,0.2,0.3,0.24,0.09,0.21,0.22,0.2,0.18,HOVS
Net profit,0.34,0.48,-35.47,-24.05,45.61,-22.65,3.78,35.76,0.52,-5.0,HOVS
Operating Profit,0.45,0.55,0.56,0.71,0.72,0.32,0.61,0.69,0.57,0.53,HOVS
