Report Date,2019-06-30 00:00:00,2019-09-30 00:00:00,2019-12-31 00:00:00,2020-03-31 00:00:00,2020-06-30 00:00:00,2020-09-30 00:00:00,2020-12-31 00:00:00,2021-03-31 00:00:00,2021-06-30 00:00:00,2021-09-30 00:00:00,Company_Name
Sales,523.68,487.19,428.26,364.37,257.87,389.24,466.81,565.54,539.75,645.28,HSCL
Expenses,402.93,397.42,392.82,333.32,252.24,348.86,426.05,525.92,503.21,614.31,HSCL
Other Income,8.95,1.75,2.77,-129.52,2.63,5.22,4.24,2.93,1.23,2.51,HSCL
Depreciation,8.14,8.24,8.72,11.58,10.86,11.09,11.01,11.26,11.3,11.37,HSCL
Interest,15.57,13.79,11.55,13.61,10.48,8.95,6.72,7.06,7.84,7.48,HSCL
Profit before tax,105.99,69.49,17.94,-123.66,-13.08,25.56,27.27,24.23,18.63,14.63,HSCL
Tax,30.6,18.98,1.24,-62.04,-3.59,9.38,10.01,1.5,2.89,2.94,HSCL
Net profit,75.39,50.51,16.7,-61.62,-9.49,16.18,17.26,22.73,15.74,11.69,HSCL
Operating Profit,120.75,89.77,35.44,31.05,5.63,40.38,40.76,39.62,36.54,30.97,HSCL
