Report Date,2019-06-30 00:00:00,2019-09-30 00:00:00,2019-12-31 00:00:00,2020-03-31 00:00:00,2020-06-30 00:00:00,2020-09-30 00:00:00,2020-12-31 00:00:00,2021-03-31 00:00:00,2021-06-30 00:00:00,2021-09-30 00:00:00,Company_Name
Sales,439.0,469.93,489.11,461.03,251.55,426.35,541.48,633.21,416.18,546.21,HSIL
Expenses,365.11,396.38,419.85,406.69,227.07,361.99,446.89,536.54,355.26,475.34,HSIL
Other Income,4.0,4.12,5.08,7.1,3.94,12.9,6.11,5.01,3.76,19.89,HSIL
Depreciation,36.87,38.25,32.31,35.45,35.49,24.8,30.99,30.08,31.5,27.4,HSIL
Interest,18.79,18.76,17.52,18.41,19.23,19.11,18.63,14.91,15.99,16.79,HSIL
Profit before tax,22.23,20.66,24.51,7.58,-26.3,33.35,51.08,56.69,17.19,46.57,HSIL
Tax,7.89,5.68,8.81,4.2,-8.95,-3.12,15.16,23.67,5.93,16.16,HSIL
Net profit,14.34,14.98,15.7,3.38,-17.35,36.47,35.92,33.02,11.26,30.41,HSIL
Operating Profit,73.89,73.55,69.26,54.34,24.48,64.36,94.59,96.67,60.92,70.87,HSIL
