Report Date,2019-06-30 00:00:00,2019-09-30 00:00:00,2019-12-31 00:00:00,2020-03-31 00:00:00,2020-06-30 00:00:00,2020-09-30 00:00:00,2020-12-31 00:00:00,2021-03-31 00:00:00,2021-06-30 00:00:00,2021-09-30 00:00:00,Company_Name
Sales,17.77,-6.06,137.07,214.07,,,,5.96,,,IBREALEST
Expenses,34.12,43.64,173.79,107.34,14.59,2.68,1.89,3.34,6.45,3.62,IBREALEST
Other Income,70.72,52.36,76.62,72.48,12.84,15.05,4.04,9.28,3.43,2.29,IBREALEST
Depreciation,2.73,2.44,2.3,2.15,2.21,1.03,0.44,0.2,0.2,0.23,IBREALEST
Interest,94.87,73.54,67.65,65.54,68.43,43.67,32.59,15.36,11.88,10.38,IBREALEST
Profit before tax,-43.23,-73.32,-30.05,111.52,-72.39,-32.33,-30.88,-3.66,-15.1,-11.94,IBREALEST
Tax,12.87,27.16,0.26,10.01,-0.1,0.26,0.11,0.09,0.14,-0.11,IBREALEST
Net profit,-56.09,-100.48,-30.3,101.51,-72.29,-32.59,-30.99,-3.76,-15.24,-11.83,IBREALEST
Operating Profit,-16.35,-49.7,-36.72,106.73,-14.59,-2.68,-1.89,2.62,-6.45,-3.62,IBREALEST
