Report Date,2019-06-30 00:00:00,2019-09-30 00:00:00,2019-12-31 00:00:00,2020-03-31 00:00:00,2020-06-30 00:00:00,2020-09-30 00:00:00,2020-12-31 00:00:00,2021-03-31 00:00:00,2021-06-30 00:00:00,2021-09-30 00:00:00,Company_Name
Sales,674.66,692.46,698.64,485.66,279.4,715.05,922.78,799.29,552.41,957.96,IFBIND
Expenses,645.42,642.89,660.09,484.08,311.81,632.9,815.53,747.42,586.35,888.64,IFBIND
Other Income,2.12,2.5,5.16,4.46,3.27,2.59,6.75,6.53,3.76,4.9,IFBIND
Depreciation,15.54,14.77,16.89,41.78,22.68,25.05,25.83,25.55,25.57,29.67,IFBIND
Interest,1.71,1.59,2.76,8.44,7.85,8.18,8.79,4.53,7.27,7.65,IFBIND
Profit before tax,14.11,35.71,24.06,-44.18,-59.67,51.51,79.38,28.32,-63.02,36.9,IFBIND
Tax,3.79,14.09,9.79,-25.96,-16.7,19.47,13.05,21.99,-20.48,12.23,IFBIND
Net profit,10.32,21.62,14.27,-18.22,-42.97,32.04,66.33,6.33,-42.54,24.67,IFBIND
Operating Profit,29.24,49.57,38.55,1.58,-32.41,82.15,107.25,51.87,-33.94,69.32,IFBIND
