Report Date,2019-06-30 00:00:00,2019-09-30 00:00:00,2019-12-31 00:00:00,2020-03-31 00:00:00,2020-06-30 00:00:00,2020-09-30 00:00:00,2020-12-31 00:00:00,2021-03-31 00:00:00,2021-06-30 00:00:00,2021-09-30 00:00:00,Company_Name
Sales,641.17,580.52,624.8,775.44,731.66,830.71,859.09,975.81,815.93,1022.94,IIFL
Expenses,194.75,207.34,206.03,468.37,303.78,405.94,334.51,371.66,253.26,349.56,IIFL
Other Income,4.92,3.13,10.66,7.47,55.99,25.62,4.26,6.11,3.86,6.02,IIFL
Depreciation,20.49,23.0,23.29,22.62,20.18,23.83,22.13,24.75,24.91,26.06,IIFL
Interest,304.69,275.68,322.41,342.79,446.16,368.06,342.06,398.7,402.29,409.13,IIFL
Profit before tax,126.16,77.63,83.73,-50.87,17.53,58.5,164.65,186.81,139.33,244.21,IIFL
Tax,42.93,93.84,18.6,-67.55,1.25,17.24,38.72,27.72,35.73,59.29,IIFL
Net profit,83.23,-16.21,65.12,16.67,16.29,41.26,125.93,159.1,103.59,184.92,IIFL
Operating Profit,446.42,373.18,418.77,307.07,427.88,424.77,524.58,604.15,562.67,673.38,IIFL
