Report Date,2019-06-30 00:00:00,2019-09-30 00:00:00,2019-12-31 00:00:00,2020-03-31 00:00:00,2020-06-30 00:00:00,2020-09-30 00:00:00,2020-12-31 00:00:00,2021-03-31 00:00:00,2021-06-30 00:00:00,2021-09-30 00:00:00,Company_Name
Sales,1.76,76.68,45.03,92.79,34.5,8.36,40.11,54.8,40.07,26.38,IIFLWAM
Expenses,28.96,37.3,36.23,26.47,17.18,13.81,18.41,15.03,19.56,18.16,IIFLWAM
Other Income,5.13,178.37,7.02,4.09,12.16,360.32,12.35,244.15,48.35,116.87,IIFLWAM
Depreciation,2.61,2.99,2.92,2.87,2.89,2.87,2.93,2.88,2.83,2.83,IIFLWAM
Interest,12.79,15.24,8.67,11.08,3.77,6.99,4.67,9.7,7.85,12.43,IIFLWAM
Profit before tax,-37.47,199.52,4.23,56.46,22.82,345.01,26.45,271.34,58.18,109.83,IIFLWAM
Tax,-7.2,16.06,6.85,13.56,6.05,-0.53,6.65,13.07,10.53,4.71,IIFLWAM
Net profit,-30.26,183.47,-2.62,42.89,16.76,345.53,19.81,258.27,47.64,105.13,IIFLWAM
Operating Profit,-27.2,39.38,8.8,66.32,17.32,-5.45,21.7,39.77,20.51,8.22,IIFLWAM
