Report Date,2019-06-30 00:00:00,2019-09-30 00:00:00,2019-12-31 00:00:00,2020-03-31 00:00:00,2020-06-30 00:00:00,2020-09-30 00:00:00,2020-12-31 00:00:00,2021-03-31 00:00:00,2021-06-30 00:00:00,2021-09-30 00:00:00,Company_Name
Sales,571.89,598.51,854.79,718.28,95.24,165.21,408.74,463.96,207.4,461.49,INDHOTEL
Expenses,462.3,477.65,537.68,504.78,257.11,252.95,360.72,359.27,303.92,400.99,INDHOTEL
Other Income,38.44,19.25,34.39,25.93,-15.95,34.12,-31.24,-31.71,8.33,11.42,INDHOTEL
Depreciation,50.82,50.76,50.71,51.49,50.27,50.31,51.03,52.2,50.93,50.49,INDHOTEL
Interest,58.95,60.0,58.71,59.89,63.0,68.69,84.26,78.84,81.21,82.14,INDHOTEL
Profit before tax,38.26,29.35,242.08,128.05,-291.09,-172.62,-118.51,-58.06,-220.33,-60.71,INDHOTEL
Tax,15.81,-89.59,74.31,35.8,-52.28,-31.03,-23.67,-8.52,-30.09,-6.81,INDHOTEL
Net profit,22.45,118.94,167.77,92.25,-238.81,-141.59,-94.84,-49.54,-190.24,-53.9,INDHOTEL
Operating Profit,109.59,120.86,317.11,213.5,-161.87,-87.74,48.02,104.69,-96.52,60.5,INDHOTEL
