Report Date,2019-06-30 00:00:00,2019-09-30 00:00:00,2019-12-31 00:00:00,2020-03-31 00:00:00,2020-06-30 00:00:00,2020-09-30 00:00:00,2020-12-31 00:00:00,2021-03-31 00:00:00,2021-06-30 00:00:00,2021-09-30 00:00:00,Company_Name
Sales,463.19,370.63,392.88,396.92,217.73,285.12,279.88,458.66,291.14,416.01,INDIANHUME
Expenses,411.89,330.48,352.18,340.57,202.46,257.15,253.11,409.42,268.11,373.89,INDIANHUME
Other Income,0.85,0.81,2.08,1.3,1.54,1.09,2.24,22.38,1.01,1.01,INDIANHUME
Depreciation,3.83,3.81,5.19,5.62,4.89,4.97,5.04,5.0,4.18,4.26,INDIANHUME
Interest,15.89,19.1,21.22,18.52,19.33,17.87,17.58,14.85,13.59,14.48,INDIANHUME
Profit before tax,32.43,18.05,16.37,33.51,-7.41,6.22,6.39,51.77,6.27,24.39,INDIANHUME
Tax,11.48,3.84,3.46,8.17,-1.87,1.57,1.96,13.32,1.61,6.25,INDIANHUME
Net profit,20.94,14.21,12.91,25.34,-5.54,4.65,4.43,38.45,4.66,18.13,INDIANHUME
Operating Profit,51.3,40.15,40.7,56.35,15.27,27.97,26.77,49.24,23.03,42.12,INDIANHUME
