Report Date,2019-06-30 00:00:00,2019-09-30 00:00:00,2019-12-31 00:00:00,2020-03-31 00:00:00,2020-06-30 00:00:00,2020-09-30 00:00:00,2020-12-31 00:00:00,2021-03-31 00:00:00,2021-06-30 00:00:00,2021-09-30 00:00:00,Company_Name
Sales,69.17,96.74,49.23,51.53,28.63,19.25,32.33,14.82,21.97,16.41,INDLMETER
Expenses,67.96,85.9,44.92,51.2,29.84,23.29,37.84,20.03,28.5,22.38,INDLMETER
Other Income,,,,,,,,-40.24,,,INDLMETER
Depreciation,1.65,1.95,1.81,1.79,1.89,1.88,1.87,1.88,1.8,1.81,INDLMETER
Interest,6.85,7.42,8.2,8.35,8.96,9.15,9.44,11.0,10.84,-8.85,INDLMETER
Profit before tax,-7.29,1.47,-5.7,-9.81,-12.06,-15.07,-16.82,-58.33,-19.17,1.07,INDLMETER
Tax,-0.11,-0.1,-0.02,-6.86,-4.02,-5.02,-4.12,-16.94,-6.39,0.26,INDLMETER
Net profit,-7.17,1.57,-5.69,-2.95,-8.04,-10.04,-12.7,-41.4,-12.78,0.81,INDLMETER
Operating Profit,1.21,10.84,4.31,0.33,-1.21,-4.04,-5.51,-5.21,-6.53,-5.97,INDLMETER
