Report Date,2019-06-30 00:00:00,2019-09-30 00:00:00,2019-12-31 00:00:00,2020-03-31 00:00:00,2020-06-30 00:00:00,2020-09-30 00:00:00,2020-12-31 00:00:00,2021-03-31 00:00:00,2021-06-30 00:00:00,2021-09-30 00:00:00,Company_Name
Sales,252.67,291.97,289.34,272.02,275.86,327.65,331.94,304.85,386.49,386.59,INDOCO
Expenses,229.92,259.83,254.23,238.68,227.0,267.47,271.98,250.28,299.68,300.27,INDOCO
Other Income,0.64,0.58,0.72,0.49,0.26,0.52,0.37,1.97,0.86,1.01,INDOCO
Depreciation,16.99,18.04,17.58,18.2,19.13,18.57,16.88,18.54,22.23,19.46,INDOCO
Interest,6.12,5.37,6.93,7.83,5.75,5.89,6.03,4.55,4.23,3.06,INDOCO
Profit before tax,0.28,9.31,11.32,7.8,24.24,36.24,37.42,33.45,61.21,64.81,INDOCO
Tax,-1.9,1.98,1.98,2.4,7.01,11.13,12.28,8.54,21.6,23.24,INDOCO
Net profit,2.18,7.33,9.34,5.4,17.23,25.11,25.14,24.91,39.61,41.57,INDOCO
Operating Profit,22.75,32.14,35.11,33.34,48.86,60.18,59.96,54.57,86.81,86.32,INDOCO
