Report Date,2019-06-30 00:00:00,2019-09-30 00:00:00,2019-12-31 00:00:00,2020-03-31 00:00:00,2020-06-30 00:00:00,2020-09-30 00:00:00,2020-12-31 00:00:00,2021-03-31 00:00:00,2021-06-30 00:00:00,2021-09-30 00:00:00,Company_Name
Sales,67.65,82.62,95.74,83.52,61.31,95.98,104.75,94.01,90.42,97.37,INDSWFTLTD
Expenses,62.02,76.92,84.17,83.09,51.6,81.34,87.23,94.5,79.77,84.68,INDSWFTLTD
Other Income,1.07,2.92,3.78,14.52,2.75,2.4,1.37,1.54,6.05,5.62,INDSWFTLTD
Depreciation,8.33,8.36,8.39,8.51,8.1,8.13,8.18,8.3,7.84,7.95,INDSWFTLTD
Interest,0.98,0.25,18.76,8.7,13.23,11.2,11.9,9.9,12.01,15.3,INDSWFTLTD
Profit before tax,-2.61,0.01,-11.8,-2.26,-8.87,-2.29,-1.19,-17.15,-3.15,-4.94,INDSWFTLTD
Tax,,,,2.46,,,,0.32,0.42,,INDSWFTLTD
Net profit,-2.61,0.01,-11.8,-4.72,-8.86,-2.29,-1.19,-17.47,-3.57,-4.94,INDSWFTLTD
Operating Profit,5.63,5.7,11.57,0.43,9.71,14.64,17.52,-0.49,10.65,12.69,INDSWFTLTD
