Report Date,2019-06-30 00:00:00,2019-09-30 00:00:00,2019-12-31 00:00:00,2020-03-31 00:00:00,2020-06-30 00:00:00,2020-09-30 00:00:00,2020-12-31 00:00:00,2021-03-31 00:00:00,2021-06-30 00:00:00,2021-09-30 00:00:00,Company_Name
Sales,181.15,189.61,196.04,185.04,203.85,221.2,213.68,217.84,242.05,229.92,INDSWFTLAB
Expenses,143.83,159.39,157.24,149.41,160.89,172.96,165.56,176.66,190.99,175.15,INDSWFTLAB
Other Income,5.61,10.81,7.74,11.86,5.93,5.79,8.84,2.56,5.95,7.15,INDSWFTLAB
Depreciation,22.58,22.55,22.56,22.37,19.69,19.85,19.83,27.93,14.06,13.87,INDSWFTLAB
Interest,28.44,28.97,28.97,21.11,25.04,24.96,25.91,24.31,24.12,24.19,INDSWFTLAB
Profit before tax,-8.09,-10.49,-4.99,4.01,4.16,9.22,11.22,-8.5,18.83,23.86,INDSWFTLAB
Tax,,0.4,,0.82,,,,20.52,0.08,,INDSWFTLAB
Net profit,-8.1,-10.89,-5.0,3.19,4.17,9.22,11.22,-29.01,18.75,23.85,INDSWFTLAB
Operating Profit,37.32,30.22,38.8,35.63,42.96,48.24,48.12,41.18,51.06,54.77,INDSWFTLAB
