Report Date,2019-06-30 00:00:00,2019-09-30 00:00:00,2019-12-31 00:00:00,2020-03-31 00:00:00,2020-06-30 00:00:00,2020-09-30 00:00:00,2020-12-31 00:00:00,2021-03-31 00:00:00,2021-06-30 00:00:00,2021-09-30 00:00:00,Company_Name
Sales,1724.3,1667.0,1665.9,1681.1,1634.3,1765.9,4059.8,6490.8,6795.6,6875.2,INDUSTOWER
Expenses,801.3,760.6,799.6,817.1,776.9,858.9,1977.7,3078.7,3267.4,3235.2,INDUSTOWER
Other Income,52.8,20.0,85.4,38.6,436.5,22.2,80.9,77.2,56.9,92.7,INDUSTOWER
Depreciation,311.6,311.6,309.5,344.7,297.0,303.2,911.8,1330.9,1318.3,1314.7,INDUSTOWER
Interest,-34.6,-2.9,88.0,16.4,38.4,28.6,287.8,361.7,388.3,383.3,INDUSTOWER
Profit before tax,698.8,617.7,554.2,541.5,958.5,597.4,963.4,1796.7,1878.5,2034.7,INDUSTOWER
Tax,250.7,139.7,140.1,135.1,135.3,151.5,259.1,431.9,461.7,474.9,INDUSTOWER
Net profit,448.1,478.0,414.1,406.4,823.2,445.9,704.3,1364.8,1416.8,1559.8,INDUSTOWER
Operating Profit,923.0,906.4,866.3,864.0,857.4,907.0,2082.1,3412.1,3528.2,3640.0,INDUSTOWER
