Report Date,2019-06-30 00:00:00,2019-09-30 00:00:00,2019-12-31 00:00:00,2020-03-31 00:00:00,2020-06-30 00:00:00,2020-09-30 00:00:00,2020-12-31 00:00:00,2021-03-31 00:00:00,2021-06-30 00:00:00,2021-09-30 00:00:00,Company_Name
Sales,191.16,171.39,208.48,134.59,91.85,148.19,190.37,187.32,194.23,248.92,INGERRAND
Expenses,163.97,145.08,178.78,119.03,80.04,122.91,156.59,147.51,158.05,212.83,INGERRAND
Other Income,7.17,6.9,6.44,15.62,3.38,3.11,3.3,3.26,2.79,3.09,INGERRAND
Depreciation,4.41,4.8,4.81,4.24,3.63,3.65,3.64,3.34,3.31,3.42,INGERRAND
Interest,0.52,0.62,0.59,0.87,0.28,0.25,0.23,0.93,0.4,0.37,INGERRAND
Profit before tax,29.43,27.79,30.74,26.07,11.28,24.49,33.21,38.8,35.26,35.39,INGERRAND
Tax,10.37,5.07,7.15,6.85,3.16,6.19,13.3,12.78,8.97,9.36,INGERRAND
Net profit,19.06,22.72,23.59,19.22,8.12,18.3,19.91,26.02,26.29,26.03,INGERRAND
Operating Profit,27.19,26.31,29.7,15.56,11.81,25.28,33.78,39.81,36.18,36.09,INGERRAND
