Report Date,2019-06-30 00:00:00,2019-09-30 00:00:00,2019-12-31 00:00:00,2020-03-31 00:00:00,2020-06-30 00:00:00,2020-09-30 00:00:00,2020-12-31 00:00:00,2021-03-31 00:00:00,2021-06-30 00:00:00,2021-09-30 00:00:00,Company_Name
Sales,140.87,55.44,198.37,132.99,59.73,135.12,157.64,151.57,122.3,231.03,INOXWIND
Expenses,154.06,80.39,195.18,330.57,98.36,179.94,183.98,250.75,143.14,260.39,INOXWIND
Other Income,16.33,19.95,27.16,13.16,18.75,17.86,10.84,65.31,18.75,7.19,INOXWIND
Depreciation,9.65,10.78,10.25,9.98,9.64,9.87,9.79,9.62,9.64,9.69,INOXWIND
Interest,29.09,30.48,27.07,65.63,43.25,41.58,48.1,38.63,41.37,45.89,INOXWIND
Profit before tax,-35.6,-46.26,-6.97,-260.03,-72.77,-78.41,-73.39,-82.12,-53.1,-77.75,INOXWIND
Tax,-12.55,-16.37,-2.44,-90.42,-25.21,-31.33,-25.61,-28.74,-18.54,-27.15,INOXWIND
Net profit,-23.05,-29.89,-4.53,-169.61,-47.56,-47.08,-47.78,-53.38,-34.56,-50.6,INOXWIND
Operating Profit,-13.19,-24.95,3.19,-197.58,-38.63,-44.82,-26.34,-99.18,-20.84,-29.36,INOXWIND
