Report Date,2019-06-30 00:00:00,2019-09-30 00:00:00,2019-12-31 00:00:00,2020-03-31 00:00:00,2020-06-30 00:00:00,2020-09-30 00:00:00,2020-12-31 00:00:00,2021-03-31 00:00:00,2021-06-30 00:00:00,2021-09-30 00:00:00,Company_Name
Sales,358.36,503.1,262.86,238.67,409.6,455.85,299.17,255.6,468.26,443.94,INSECTICID
Expenses,295.25,431.07,239.89,241.14,360.38,398.11,284.1,226.91,415.18,379.77,INSECTICID
Other Income,1.17,1.76,0.77,-0.92,-8.88,5.05,1.03,2.43,1.63,-0.31,INSECTICID
Depreciation,5.88,5.99,6.08,6.13,6.1,6.19,6.19,6.19,6.34,6.44,INSECTICID
Interest,6.88,5.71,6.16,5.14,2.25,1.4,1.86,1.14,2.15,1.7,INSECTICID
Profit before tax,51.52,62.09,11.5,-14.66,31.99,55.2,8.05,23.79,46.22,55.72,INSECTICID
Tax,15.58,13.29,2.89,-7.34,7.91,13.8,2.06,1.84,11.51,13.95,INSECTICID
Net profit,35.94,48.81,8.61,-7.32,24.08,41.4,6.0,21.95,34.71,41.76,INSECTICID
Operating Profit,63.11,72.03,22.97,-2.47,49.22,57.74,15.07,28.69,53.08,64.17,INSECTICID
