Report Date,2019-06-30 00:00:00,2019-09-30 00:00:00,2019-12-31 00:00:00,2020-03-31 00:00:00,2020-06-30 00:00:00,2020-09-30 00:00:00,2020-12-31 00:00:00,2021-03-31 00:00:00,2021-06-30 00:00:00,2021-09-30 00:00:00,Company_Name
Sales,3.51,3.67,3.93,3.52,5.17,6.55,5.35,8.97,8.3,7.68,INVENTURE
Expenses,3.58,3.2,4.24,4.98,4.87,4.7,4.9,5.86,7.47,6.39,INVENTURE
Other Income,1.12,2.88,1.26,2.4,1.7,1.58,1.38,1.3,1.54,1.56,INVENTURE
Depreciation,0.1,0.11,0.11,0.1,0.09,0.1,0.09,0.09,0.08,0.11,INVENTURE
Interest,0.26,0.24,0.42,0.29,0.02,0.02,0.02,0.1,0.21,0.1,INVENTURE
Profit before tax,0.69,3.0,0.42,0.55,1.89,3.31,1.72,4.22,2.08,2.64,INVENTURE
Tax,-0.08,0.17,0.07,0.17,0.54,0.78,0.57,1.57,0.6,0.33,INVENTURE
Net profit,0.77,2.83,0.35,0.38,1.35,2.53,1.15,2.65,1.48,2.31,INVENTURE
Operating Profit,-0.07,0.47,-0.31,-1.46,0.3,1.85,0.45,3.11,0.83,1.29,INVENTURE
