Report Date,2019-06-30 00:00:00,2019-09-30 00:00:00,2019-12-31 00:00:00,2020-03-31 00:00:00,2020-06-30 00:00:00,2020-09-30 00:00:00,2020-12-31 00:00:00,2021-03-31 00:00:00,2021-06-30 00:00:00,2021-09-30 00:00:00,Company_Name
Sales,2072.06,2150.78,2067.36,2156.09,2038.32,2044.84,2076.37,1951.56,1990.47,1990.29,J&KBANK
Expenses,968.72,2086.44,950.97,1346.5,960.12,1015.24,1170.92,809.42,1007.94,1049.28,J&KBANK
Other Income,184.19,112.16,128.66,120.91,119.62,149.63,271.65,178.09,221.01,210.97,J&KBANK
Depreciation,,,,,,,,,,,J&KBANK
Interest,1169.89,1208.17,1192.71,1168.85,1133.97,1100.96,1071.24,1034.14,1021.18,1017.15,J&KBANK
Profit before tax,117.64,-1031.67,52.34,-238.35,63.85,78.27,105.86,286.09,182.36,134.83,J&KBANK
Tax,95.77,-114.86,2.7,55.75,57.35,34.34,39.92,-29.66,78.04,23.74,J&KBANK
Net profit,21.87,-916.81,49.64,-294.1,6.5,43.93,65.94,315.75,104.32,111.09,J&KBANK
Operating Profit,1103.34,64.34,1116.39,809.59,1078.2,1029.6,905.45,1142.14,982.53,941.01,J&KBANK
