Report Date,2019-06-30 00:00:00,2019-09-30 00:00:00,2019-12-31 00:00:00,2020-03-31 00:00:00,2020-06-30 00:00:00,2020-09-30 00:00:00,2020-12-31 00:00:00,2021-03-31 00:00:00,2021-06-30 00:00:00,2021-09-30 00:00:00,Company_Name
Sales,45.23,41.81,42.01,29.52,31.65,56.35,57.1,42.84,60.0,59.49,JAGSNPHARM
Expenses,42.99,39.3,39.45,28.29,29.0,51.51,50.61,37.72,50.72,49.21,JAGSNPHARM
Other Income,0.67,0.44,0.65,0.76,0.78,0.41,0.53,2.66,0.82,0.28,JAGSNPHARM
Depreciation,0.29,0.27,0.26,0.32,0.27,0.27,0.27,0.26,0.28,0.23,JAGSNPHARM
Interest,0.12,0.15,0.1,0.15,0.13,0.12,0.14,0.13,0.11,0.06,JAGSNPHARM
Profit before tax,2.5,2.53,2.85,1.52,3.03,4.86,6.61,7.39,9.71,10.27,JAGSNPHARM
Tax,0.5,0.51,0.57,-0.04,0.51,0.85,1.18,2.28,2.86,2.97,JAGSNPHARM
Net profit,2.0,2.03,2.28,1.55,2.52,4.01,5.43,5.1,6.85,7.31,JAGSNPHARM
Operating Profit,2.24,2.51,2.56,1.23,2.65,4.84,6.49,5.12,9.28,10.28,JAGSNPHARM
