Report Date,2019-06-30 00:00:00,2019-09-30 00:00:00,2019-12-31 00:00:00,2020-03-31 00:00:00,2020-06-30 00:00:00,2020-09-30 00:00:00,2020-12-31 00:00:00,2021-03-31 00:00:00,2021-06-30 00:00:00,2021-09-30 00:00:00,Company_Name
Sales,42.56,45.55,55.16,62.9,23.73,40.86,55.76,96.36,31.84,44.29,JASH
Expenses,37.46,38.74,41.72,53.3,21.41,31.79,44.48,74.63,28.77,39.83,JASH
Other Income,1.27,2.03,1.22,3.64,0.32,1.04,0.34,0.97,2.04,2.44,JASH
Depreciation,1.3,1.42,1.39,1.07,1.34,1.4,1.41,1.51,1.49,1.5,JASH
Interest,2.16,2.05,3.04,2.38,2.11,2.31,2.59,2.29,1.69,1.96,JASH
Profit before tax,2.91,5.37,10.23,9.79,-0.81,6.4,7.62,18.9,1.93,3.44,JASH
Tax,0.66,1.37,2.16,2.29,-0.36,1.27,1.79,1.6,-0.15,0.46,JASH
Net profit,2.25,4.0,8.07,7.49,-0.45,5.13,5.83,17.3,2.08,2.98,JASH
Operating Profit,5.1,6.81,13.44,9.6,2.32,9.07,11.28,21.73,3.07,4.46,JASH
