Report Date,2019-06-30 00:00:00,2019-09-30 00:00:00,2019-12-31 00:00:00,2020-03-31 00:00:00,2020-06-30 00:00:00,2020-09-30 00:00:00,2020-12-31 00:00:00,2021-03-31 00:00:00,2021-06-30 00:00:00,2021-09-30 00:00:00,Company_Name
Sales,410.8,428.12,384.95,416.87,489.62,411.78,500.34,490.25,546.3,526.73,JBCHEPHARM
Expenses,318.55,327.36,300.87,325.74,331.47,306.04,333.74,364.38,387.99,412.05,JBCHEPHARM
Other Income,12.34,18.11,16.02,-7.12,22.54,8.19,55.86,25.3,12.88,19.56,JBCHEPHARM
Depreciation,15.63,16.22,16.55,16.69,16.97,17.14,17.06,16.19,17.48,15.4,JBCHEPHARM
Interest,0.8,0.87,0.85,0.4,3.73,1.7,1.08,0.68,0.89,1.18,JBCHEPHARM
Profit before tax,88.16,101.78,82.7,66.92,159.99,95.09,204.32,134.3,152.82,117.66,JBCHEPHARM
Tax,29.01,5.82,20.53,16.05,38.07,24.11,52.66,31.79,37.51,29.26,JBCHEPHARM
Net profit,59.15,95.96,62.17,50.87,121.93,70.98,151.67,102.51,115.31,88.4,JBCHEPHARM
Operating Profit,92.25,100.76,84.08,91.13,158.15,105.74,166.6,125.87,158.31,114.68,JBCHEPHARM
