Report Date,2019-06-30 00:00:00,2019-09-30 00:00:00,2019-12-31 00:00:00,2020-03-31 00:00:00,2020-06-30 00:00:00,2020-09-30 00:00:00,2020-12-31 00:00:00,2021-03-31 00:00:00,2021-06-30 00:00:00,2021-09-30 00:00:00,Company_Name
Sales,951.91,376.59,435.96,432.91,269.58,310.08,487.53,579.35,491.97,397.24,JCHAC
Expenses,841.22,374.62,403.58,405.73,291.7,315.21,420.2,501.97,487.24,391.56,JCHAC
Other Income,2.29,2.94,1.69,0.48,8.1,1.66,1.62,3.63,1.75,2.1,JCHAC
Depreciation,12.72,11.96,14.89,16.72,13.08,17.73,23.64,21.03,17.81,18.09,JCHAC
Interest,1.73,0.88,1.01,1.4,3.77,4.22,3.66,1.91,2.99,2.03,JCHAC
Profit before tax,98.53,-7.93,18.17,9.54,-30.87,-25.42,41.65,58.07,-14.32,-12.34,JCHAC
Tax,34.93,-7.29,4.76,2.38,-7.74,-6.39,10.82,13.64,-3.41,-3.07,JCHAC
Net profit,63.6,-0.64,13.41,7.16,-23.13,-19.03,30.83,44.43,-10.91,-9.27,JCHAC
Operating Profit,110.69,1.97,32.38,27.18,-22.12,-5.13,67.33,77.38,4.73,5.68,JCHAC
