Report Date,2019-06-30 00:00:00,2019-09-30 00:00:00,2019-12-31 00:00:00,2020-03-31 00:00:00,2020-06-30 00:00:00,2020-09-30 00:00:00,2020-12-31 00:00:00,2021-03-31 00:00:00,2021-06-30 00:00:00,2021-09-30 00:00:00,Company_Name
Sales,23.26,34.13,35.07,40.5,16.11,30.36,25.53,24.96,20.25,23.06,JHS
Expenses,21.72,31.68,33.09,37.03,18.41,27.11,23.41,24.35,20.48,22.21,JHS
Other Income,1.34,1.64,1.75,-3.61,1.67,0.25,0.38,3.24,2.27,1.44,JHS
Depreciation,1.85,1.88,1.92,1.78,1.39,1.41,1.41,1.36,1.45,1.51,JHS
Interest,0.3,0.53,0.49,0.03,0.12,0.11,0.1,0.13,0.1,0.12,JHS
Profit before tax,0.73,1.68,1.32,-1.95,-2.14,1.98,0.99,2.36,0.49,0.66,JHS
Tax,0.27,0.8,-0.2,-0.84,-0.16,0.49,0.49,-0.39,0.15,0.22,JHS
Net profit,0.47,0.88,1.53,-1.11,-1.98,1.49,0.51,2.75,0.33,0.45,JHS
Operating Profit,1.54,2.45,1.98,3.47,-2.3,3.25,2.12,0.61,-0.23,0.85,JHS
