Report Date,2019-06-30 00:00:00,2019-09-30 00:00:00,2019-12-31 00:00:00,2020-03-31 00:00:00,2020-06-30 00:00:00,2020-09-30 00:00:00,2020-12-31 00:00:00,2021-03-31 00:00:00,2021-06-30 00:00:00,2021-09-30 00:00:00,Company_Name
Sales,2580.98,2353.08,2702.05,2492.61,1345.99,1933.61,2176.45,3175.76,2417.38,2519.0,JINDALSAW
Expenses,2225.89,2037.55,2334.64,2176.98,1194.94,1726.58,1948.52,2783.6,2065.96,2190.47,JINDALSAW
Other Income,47.96,-7.62,11.85,11.7,59.56,88.11,63.96,67.28,60.09,51.56,JINDALSAW
Depreciation,68.82,71.37,74.46,95.73,82.18,82.66,86.06,95.08,87.7,95.38,JINDALSAW
Interest,117.88,131.12,128.38,138.19,113.37,100.31,100.44,90.21,97.03,88.9,JINDALSAW
Profit before tax,216.35,105.42,176.42,93.41,15.06,112.17,105.39,274.15,226.78,195.81,JINDALSAW
Tax,70.8,-198.03,56.73,67.64,5.03,37.73,37.25,97.71,78.48,68.35,JINDALSAW
Net profit,145.55,303.45,119.69,25.77,10.03,74.44,68.14,176.44,148.3,127.46,JINDALSAW
Operating Profit,355.09,315.53,367.41,315.63,151.05,207.03,227.93,392.16,351.42,328.53,JINDALSAW
