Report Date,2019-06-30 00:00:00,2019-09-30 00:00:00,2019-12-31 00:00:00,2020-03-31 00:00:00,2020-06-30 00:00:00,2020-09-30 00:00:00,2020-12-31 00:00:00,2021-03-31 00:00:00,2021-06-30 00:00:00,2021-09-30 00:00:00,Company_Name
Sales,29.76,57.93,98.78,88.89,29.91,112.63,77.24,126.5,158.55,149.92,JMFINANCIL
Expenses,36.36,38.79,51.37,18.92,16.21,51.31,35.32,35.58,57.52,43.63,JMFINANCIL
Other Income,1.28,39.99,3.45,1.8,1.4,18.88,1.37,6.48,1.23,50.13,JMFINANCIL
Depreciation,3.13,3.01,3.03,3.01,2.99,2.98,2.97,2.98,2.89,2.89,JMFINANCIL
Interest,2.0,1.98,1.92,1.91,1.85,1.81,1.76,1.82,1.75,1.7,JMFINANCIL
Profit before tax,-10.45,54.14,45.91,66.85,10.26,75.41,38.56,92.6,97.62,151.83,JMFINANCIL
Tax,-0.74,5.12,13.62,11.14,,7.65,10.01,23.94,22.55,24.48,JMFINANCIL
Net profit,-9.71,49.02,32.29,55.71,10.26,67.76,28.55,68.66,75.07,127.35,JMFINANCIL
Operating Profit,-6.6,19.14,47.41,69.97,13.7,61.32,41.92,90.92,101.03,106.29,JMFINANCIL
