Report Date,2019-06-30 00:00:00,2019-09-30 00:00:00,2019-12-31 00:00:00,2020-03-31 00:00:00,2020-06-30 00:00:00,2020-09-30 00:00:00,2020-12-31 00:00:00,2021-03-31 00:00:00,2021-06-30 00:00:00,2021-09-30 00:00:00,Company_Name
Sales,11.87,85.48,11.83,11.83,12.48,50.33,14.97,15.03,15.64,134.39,JSWHL
Expenses,1.2,1.62,1.25,1.46,1.0,1.05,1.28,1.68,1.17,1.55,JSWHL
Other Income,,,,,,,,,,,JSWHL
Depreciation,0.01,0.01,0.01,0.01,,,0.01,0.01,0.01,,JSWHL
Interest,,,,,,,,0.07,,,JSWHL
Profit before tax,10.66,83.85,10.57,10.36,11.48,49.28,13.68,13.27,14.46,132.84,JSWHL
Tax,1.25,8.25,1.13,0.76,2.95,12.47,3.48,3.1,3.79,33.53,JSWHL
Net profit,9.41,75.61,9.44,9.6,8.53,36.8,10.2,10.18,10.68,99.3,JSWHL
Operating Profit,10.67,83.86,10.58,10.37,11.48,49.28,13.69,13.35,14.47,132.84,JSWHL
