Report Date,2019-06-30 00:00:00,2019-09-30 00:00:00,2019-12-31 00:00:00,2020-03-31 00:00:00,2020-06-30 00:00:00,2020-09-30 00:00:00,2020-12-31 00:00:00,2021-03-31 00:00:00,2021-06-30 00:00:00,2021-09-30 00:00:00,Company_Name
Sales,59.7,43.49,28.56,24.72,28.82,32.98,33.94,27.06,36.2,36.58,KAKATCEM
Expenses,53.61,43.53,32.11,26.83,25.77,25.82,38.76,24.0,27.47,27.76,KAKATCEM
Other Income,3.08,2.81,2.82,-3.7,-1.12,1.97,2.68,1.88,2.55,2.58,KAKATCEM
Depreciation,0.6,0.6,0.62,0.61,0.62,0.63,0.64,0.63,0.57,0.57,KAKATCEM
Interest,1.16,0.61,0.49,0.88,0.79,0.43,0.38,0.64,0.39,0.25,KAKATCEM
Profit before tax,7.41,1.56,-1.84,-7.3,0.52,8.07,-3.16,3.67,10.32,10.58,KAKATCEM
Tax,2.1,0.4,-0.26,-1.68,0.41,1.85,-0.05,5.65,3.78,3.0,KAKATCEM
Net profit,5.32,1.15,-1.58,-5.62,0.12,6.22,-3.1,-1.98,6.54,7.57,KAKATCEM
Operating Profit,6.09,-0.04,-3.55,-2.11,3.05,7.16,-4.82,3.06,8.73,8.82,KAKATCEM
