Report Date,2019-06-30 00:00:00,2019-09-30 00:00:00,2019-12-31 00:00:00,2020-03-31 00:00:00,2020-06-30 00:00:00,2020-09-30 00:00:00,2020-12-31 00:00:00,2021-03-31 00:00:00,2021-06-30 00:00:00,2021-09-30 00:00:00,Company_Name
Sales,43.34,39.63,50.88,44.84,5.76,8.64,14.41,22.8,11.31,24.29,KAMATHOTEL
Expenses,31.18,29.49,32.36,29.45,6.47,8.75,12.42,16.95,12.5,18.81,KAMATHOTEL
Other Income,0.19,0.21,0.22,23.98,3.92,0.17,0.22,0.43,0.14,0.14,KAMATHOTEL
Depreciation,2.77,2.56,2.64,2.54,2.5,2.52,2.56,2.43,2.45,2.45,KAMATHOTEL
Interest,5.44,6.27,6.11,16.54,8.81,9.78,10.09,10.23,10.89,12.34,KAMATHOTEL
Profit before tax,4.14,1.52,9.99,20.29,-8.1,-12.24,-10.44,-6.38,-14.39,-9.17,KAMATHOTEL
Tax,1.24,-2.91,2.96,-1.04,-2.17,-3.05,-2.87,-1.5,-3.58,-2.3,KAMATHOTEL
Net profit,2.9,4.43,7.04,21.33,-5.93,-9.19,-7.57,-4.88,-10.81,-6.87,KAMATHOTEL
Operating Profit,12.16,10.14,18.52,15.39,-0.71,-0.11,1.99,5.85,-1.19,5.48,KAMATHOTEL
