Report Date,2019-06-30 00:00:00,2019-09-30 00:00:00,2019-12-31 00:00:00,2020-03-31 00:00:00,2020-06-30 00:00:00,2020-09-30 00:00:00,2020-12-31 00:00:00,2021-03-31 00:00:00,2021-06-30 00:00:00,2021-09-30 00:00:00,Company_Name
Sales,103.2,84.26,79.96,92.32,35.59,78.24,124.51,149.61,117.05,173.9,KANORICHEM
Expenses,97.29,84.33,79.07,92.07,43.08,77.71,104.57,134.11,107.04,153.75,KANORICHEM
Other Income,3.03,4.62,6.15,5.93,1.22,2.03,0.4,-2.55,3.18,1.33,KANORICHEM
Depreciation,4.87,4.99,5.66,5.63,5.69,5.72,5.62,5.11,5.24,5.33,KANORICHEM
Interest,1.83,3.15,3.35,3.81,3.24,3.32,3.18,2.73,2.74,2.02,KANORICHEM
Profit before tax,2.24,-3.59,-1.97,-3.26,-15.2,-6.48,11.54,5.11,5.21,14.13,KANORICHEM
Tax,0.69,-4.04,-1.47,-0.82,-0.57,-0.1,0.24,-0.93,1.68,4.96,KANORICHEM
Net profit,1.55,0.45,-0.5,-2.44,-14.63,-6.38,11.3,6.04,3.53,9.17,KANORICHEM
Operating Profit,5.91,-0.07,0.89,0.25,-7.49,0.53,19.94,15.5,10.01,20.15,KANORICHEM
