Report Date,2019-06-30 00:00:00,2019-09-30 00:00:00,2019-12-31 00:00:00,2020-03-31 00:00:00,2020-06-30 00:00:00,2020-09-30 00:00:00,2020-12-31 00:00:00,2021-03-31 00:00:00,2021-06-30 00:00:00,2021-09-30 00:00:00,Company_Name
Sales,927.93,726.04,559.56,466.09,409.03,587.13,631.3,787.75,803.5,834.2,KESORAMIND
Expenses,793.38,714.26,545.8,453.41,325.25,493.22,533.76,668.47,621.95,695.73,KESORAMIND
Other Income,15.8,19.73,14.51,-354.34,25.96,30.68,27.0,-276.25,5.58,-6.99,KESORAMIND
Depreciation,31.89,32.8,22.88,23.04,22.69,22.57,22.35,28.6,22.66,22.35,KESORAMIND
Interest,111.3,113.92,82.62,76.89,68.95,70.51,68.22,38.13,117.37,122.86,KESORAMIND
Profit before tax,7.16,-115.21,-77.23,-441.59,18.1,31.51,33.97,-223.7,47.1,-13.73,KESORAMIND
Tax,,,,,,,-42.24,-264.81,13.03,3.2,KESORAMIND
Net profit,7.16,-115.21,-77.23,-441.59,18.1,31.51,76.21,41.11,34.07,-16.93,KESORAMIND
Operating Profit,134.55,11.78,13.76,12.68,83.78,93.91,97.54,119.28,181.55,138.47,KESORAMIND
