Report Date,2019-06-30 00:00:00,2019-09-30 00:00:00,2019-12-31 00:00:00,2020-03-31 00:00:00,2020-06-30 00:00:00,2020-09-30 00:00:00,2020-12-31 00:00:00,2021-03-31 00:00:00,2021-06-30 00:00:00,2021-09-30 00:00:00,Company_Name
Sales,0.76,0.49,0.98,0.5,0.85,0.6,0.71,1.43,1.54,1.12,KHANDSE
Expenses,1.09,1.07,1.05,2.94,0.66,0.74,1.36,1.68,1.22,1.11,KHANDSE
Other Income,0.07,0.15,0.05,0.62,0.07,0.69,0.07,-0.66,0.04,0.38,KHANDSE
Depreciation,0.07,0.07,0.08,0.06,0.08,0.08,0.08,0.04,0.08,0.08,KHANDSE
Interest,0.09,0.11,0.12,0.5,0.17,0.21,0.18,0.17,0.17,0.2,KHANDSE
Profit before tax,-0.42,-0.61,-0.22,-2.38,0.01,0.26,-0.84,-1.12,0.11,0.11,KHANDSE
Tax,-0.01,-0.01,-0.01,,-0.01,-0.01,-0.01,-0.01,-0.01,-0.01,KHANDSE
Net profit,-0.41,-0.6,-0.21,-2.37,0.02,0.27,-0.83,-1.11,0.12,0.12,KHANDSE
Operating Profit,-0.33,-0.58,-0.07,-2.44,0.19,-0.14,-0.65,-0.25,0.32,0.01,KHANDSE
