Report Date,2019-06-30 00:00:00,2019-09-30 00:00:00,2019-12-31 00:00:00,2020-03-31 00:00:00,2020-06-30 00:00:00,2020-09-30 00:00:00,2020-12-31 00:00:00,2021-03-31 00:00:00,2021-06-30 00:00:00,2021-09-30 00:00:00,Company_Name
Sales,129.13,65.62,70.59,87.46,127.98,81.26,94.48,116.29,90.86,89.8,KOTARISUG
Expenses,110.82,58.76,76.11,78.84,111.06,80.94,83.71,111.66,78.83,84.68,KOTARISUG
Other Income,-0.47,1.67,1.33,8.2,1.89,5.53,1.18,1.09,3.42,6.68,KOTARISUG
Depreciation,3.17,3.21,3.21,3.38,3.43,3.44,3.45,3.47,3.46,3.49,KOTARISUG
Interest,2.45,2.12,1.2,1.25,2.08,1.69,0.91,0.42,1.48,1.58,KOTARISUG
Profit before tax,12.22,3.2,-8.6,12.19,13.3,0.72,7.59,1.83,10.51,6.73,KOTARISUG
Tax,-5.32,2.99,-1.57,3.51,1.51,0.17,2.1,0.65,2.15,0.38,KOTARISUG
Net profit,17.53,0.22,-7.02,8.69,11.79,0.55,5.49,1.19,8.35,6.35,KOTARISUG
Operating Profit,18.31,6.86,-5.52,8.62,16.92,0.32,10.77,4.63,12.03,5.12,KOTARISUG
