Report Date,2019-06-30 00:00:00,2019-09-30 00:00:00,2019-12-31 00:00:00,2020-03-31 00:00:00,2020-06-30 00:00:00,2020-09-30 00:00:00,2020-12-31 00:00:00,2021-03-31 00:00:00,2021-06-30 00:00:00,2021-09-30 00:00:00,Company_Name
Sales,402.02,429.03,383.25,387.29,78.01,397.34,446.24,504.39,314.0,452.66,LUMAXIND
Expenses,363.71,386.43,340.08,353.63,112.89,360.72,398.32,454.77,307.66,415.73,LUMAXIND
Other Income,1.09,3.49,0.99,4.09,2.92,4.55,1.89,15.87,2.25,4.32,LUMAXIND
Depreciation,15.19,15.88,16.13,16.35,13.79,16.53,17.17,17.03,15.49,16.04,LUMAXIND
Interest,4.63,5.01,5.98,6.28,7.73,8.3,6.85,5.6,5.96,5.66,LUMAXIND
Profit before tax,19.58,25.2,22.05,15.12,-53.48,16.34,25.79,42.86,-12.86,19.55,LUMAXIND
Tax,5.64,6.24,5.78,-8.02,-25.22,7.92,12.13,19.64,-3.54,5.57,LUMAXIND
Net profit,13.93,18.95,16.28,23.14,-28.25,8.42,13.66,23.22,-9.31,13.98,LUMAXIND
Operating Profit,38.31,42.6,43.17,33.66,-34.88,36.62,47.92,49.62,6.34,36.93,LUMAXIND
