Report Date,2019-06-30 00:00:00,2019-09-30 00:00:00,2019-12-31 00:00:00,2020-03-31 00:00:00,2020-06-30 00:00:00,2020-09-30 00:00:00,2020-12-31 00:00:00,2021-03-31 00:00:00,2021-06-30 00:00:00,2021-09-30 00:00:00,Company_Name
Sales,111.96,67.88,82.06,95.85,27.75,55.71,65.75,101.7,91.18,124.99,MAHASTEEL
Expenses,108.26,64.45,78.09,91.16,27.56,53.12,61.84,95.76,87.5,121.48,MAHASTEEL
Other Income,0.09,0.01,0.04,0.48,0.04,0.06,0.23,0.3,0.04,0.03,MAHASTEEL
Depreciation,1.45,1.51,1.51,1.62,1.34,1.35,1.44,1.41,1.41,1.48,MAHASTEEL
Interest,2.0,1.86,1.8,3.41,1.78,1.43,1.36,1.88,1.53,0.98,MAHASTEEL
Profit before tax,0.34,0.07,0.7,0.14,-2.89,-0.13,1.34,2.95,0.78,1.08,MAHASTEEL
Tax,0.28,-2.84,0.31,0.24,-0.16,-0.05,0.08,0.85,0.29,0.37,MAHASTEEL
Net profit,0.06,2.91,0.39,-0.1,-2.73,-0.08,1.26,2.1,0.48,0.71,MAHASTEEL
Operating Profit,3.7,3.43,3.97,4.69,0.19,2.59,3.91,5.94,3.68,3.51,MAHASTEEL
