Report Date,2019-06-30 00:00:00,2019-09-30 00:00:00,2019-12-31 00:00:00,2020-03-31 00:00:00,2020-06-30 00:00:00,2020-09-30 00:00:00,2020-12-31 00:00:00,2021-03-31 00:00:00,2021-06-30 00:00:00,2021-09-30 00:00:00,Company_Name
Sales,44.16,42.31,36.6,40.37,40.6,42.11,45.6,58.83,59.56,61.07,MASTEK
Expenses,40.61,42.76,38.88,37.81,36.66,41.82,40.02,51.18,52.45,53.8,MASTEK
Other Income,3.99,14.7,8.16,15.18,7.06,5.76,20.12,3.6,8.0,33.74,MASTEK
Depreciation,2.96,2.94,2.81,2.42,2.57,2.64,3.15,2.43,2.69,2.98,MASTEK
Interest,0.1,0.14,0.07,0.14,0.12,0.12,0.09,0.25,0.1,0.23,MASTEK
Profit before tax,4.48,11.17,3.0,15.18,8.31,3.29,22.46,8.57,12.32,37.8,MASTEK
Tax,1.39,1.71,0.15,3.13,10.21,-1.07,5.33,3.03,4.91,3.68,MASTEK
Net profit,3.09,9.46,2.85,12.05,-1.9,4.36,17.13,5.54,7.41,34.12,MASTEK
Operating Profit,3.55,-0.45,-2.28,2.56,3.94,0.29,5.58,7.65,7.11,7.27,MASTEK
