Report Date,2019-06-30 00:00:00,2019-09-30 00:00:00,2019-12-31 00:00:00,2020-03-31 00:00:00,2020-06-30 00:00:00,2020-09-30 00:00:00,2020-12-31 00:00:00,2021-03-31 00:00:00,2021-06-30 00:00:00,2021-09-30 00:00:00,Company_Name
Sales,562.84,528.91,526.4,512.35,169.11,635.67,716.42,767.55,529.93,704.8,MINDACORP
Expenses,498.76,465.61,457.55,469.48,188.93,571.42,638.61,681.11,503.27,629.45,MINDACORP
Other Income,7.99,10.5,15.18,-352.31,9.02,7.44,8.02,5.86,7.15,12.96,MINDACORP
Depreciation,20.18,20.23,20.73,21.16,19.29,23.7,23.41,23.31,24.31,26.23,MINDACORP
Interest,10.05,9.56,8.3,11.02,7.66,10.95,9.59,7.61,7.45,7.52,MINDACORP
Profit before tax,41.84,44.01,55.0,-341.62,-37.75,37.04,52.83,61.38,2.05,54.56,MINDACORP
Tax,13.59,4.2,13.09,9.39,-9.03,10.13,13.26,15.47,0.56,12.8,MINDACORP
Net profit,28.25,39.81,41.91,-351.01,-28.72,26.91,39.57,45.91,1.49,41.76,MINDACORP
Operating Profit,64.08,63.3,68.85,42.87,-19.82,64.25,77.81,86.44,26.66,75.35,MINDACORP
