Report Date,2019-06-30 00:00:00,2019-09-30 00:00:00,2019-12-31 00:00:00,2020-03-31 00:00:00,2020-06-30 00:00:00,2020-09-30 00:00:00,2020-12-31 00:00:00,2021-03-31 00:00:00,2021-06-30 00:00:00,2021-09-30 00:00:00,Company_Name
Sales,48.28,43.56,43.17,39.99,14.78,35.96,44.67,54.1,40.57,43.32,MOHITIND
Expenses,46.03,41.58,41.27,39.24,16.04,33.9,41.5,50.81,39.8,44.35,MOHITIND
Other Income,0.36,0.66,0.14,1.91,0.18,0.17,0.25,1.19,1.03,3.2,MOHITIND
Depreciation,0.8,0.81,0.71,0.79,0.53,0.67,0.79,0.46,0.66,0.67,MOHITIND
Interest,1.71,1.74,1.48,1.8,1.33,1.46,1.37,1.4,1.39,0.98,MOHITIND
Profit before tax,0.1,0.09,-0.15,0.07,-2.94,0.1,1.26,2.62,-0.25,0.52,MOHITIND
Tax,0.03,-0.22,-0.04,0.12,-0.01,-0.03,-0.07,0.46,-0.05,0.12,MOHITIND
Net profit,0.07,0.31,-0.11,-0.04,-2.93,0.13,1.32,2.15,-0.2,0.4,MOHITIND
Operating Profit,2.25,1.98,1.9,0.75,-1.26,2.06,3.17,3.29,0.77,-1.03,MOHITIND
