Report Date,2019-06-30 00:00:00,2019-09-30 00:00:00,2019-12-31 00:00:00,2020-03-31 00:00:00,2020-06-30 00:00:00,2020-09-30 00:00:00,2020-12-31 00:00:00,2021-03-31 00:00:00,2021-06-30 00:00:00,2021-09-30 00:00:00,Company_Name
Sales,100.31,84.41,110.81,86.51,14.06,41.45,73.8,64.58,57.02,58.13,MORARJEE
Expenses,84.42,72.87,97.78,84.81,22.24,45.4,66.22,57.35,54.49,60.74,MORARJEE
Other Income,0.48,0.03,0.4,0.97,0.35,0.22,0.29,0.3,0.93,0.12,MORARJEE
Depreciation,5.82,5.89,6.12,5.89,5.88,5.88,5.82,5.7,5.73,5.77,MORARJEE
Interest,13.89,14.43,14.42,14.46,11.07,12.76,15.35,15.37,17.06,17.01,MORARJEE
Profit before tax,-3.34,-8.75,-7.11,-17.68,-24.78,-22.37,-13.3,-13.54,-19.33,-25.27,MORARJEE
Tax,-0.79,-2.62,-1.95,-5.43,-7.97,-4.51,,0.12,,,MORARJEE
Net profit,-2.55,-6.13,-5.16,-12.25,-16.81,-17.86,-13.3,-13.66,-19.33,-25.27,MORARJEE
Operating Profit,15.89,11.54,13.03,1.7,-8.18,-3.95,7.58,7.23,2.53,-2.61,MORARJEE
