Report Date,2019-06-30 00:00:00,2019-09-30 00:00:00,2019-12-31 00:00:00,2020-03-31 00:00:00,2020-06-30 00:00:00,2020-09-30 00:00:00,2020-12-31 00:00:00,2021-03-31 00:00:00,2021-06-30 00:00:00,2021-09-30 00:00:00,Company_Name
Sales,189.47,199.88,213.49,189.15,243.26,314.6,290.46,264.11,365.23,369.39,MOREPENLAB
Expenses,170.02,184.98,199.71,172.8,217.98,285.26,260.35,236.46,322.58,332.56,MOREPENLAB
Other Income,0.28,2.81,4.6,1.72,1.33,3.73,2.84,3.87,1.58,2.85,MOREPENLAB
Depreciation,10.9,7.63,7.93,7.97,7.47,7.16,7.05,6.43,5.4,5.7,MOREPENLAB
Interest,0.42,0.39,0.54,0.62,0.29,0.29,1.26,-0.05,0.21,-9.12,MOREPENLAB
Profit before tax,8.41,9.69,9.91,9.48,18.85,25.62,24.64,25.14,38.62,43.1,MOREPENLAB
Tax,,5.15,,,,,,,7.77,8.67,MOREPENLAB
Net profit,8.41,4.54,9.91,9.48,18.85,25.62,24.64,25.14,30.85,34.43,MOREPENLAB
Operating Profit,19.45,14.9,13.78,16.35,25.28,29.34,30.11,27.65,42.65,36.83,MOREPENLAB
