Report Date,2019-06-30 00:00:00,2019-09-30 00:00:00,2019-12-31 00:00:00,2020-03-31 00:00:00,2020-06-30 00:00:00,2020-09-30 00:00:00,2020-12-31 00:00:00,2021-03-31 00:00:00,2021-06-30 00:00:00,2021-09-30 00:00:00,Company_Name
Sales,960.3,1048.79,1128.53,1209.53,1133.01,1405.64,1482.95,1539.66,1602.95,1780.31,MPHASIS
Expenses,686.2,740.5,792.47,847.36,834.23,995.38,1079.3,1093.44,1180.5,1358.43,MPHASIS
Other Income,39.18,19.54,20.83,243.74,23.05,15.92,26.83,23.66,32.81,30.72,MPHASIS
Depreciation,35.97,39.18,38.33,39.76,37.88,37.89,37.58,37.21,35.87,36.16,MPHASIS
Interest,15.32,16.55,14.55,16.62,15.76,12.1,12.28,11.92,12.89,13.07,MPHASIS
Profit before tax,261.99,272.1,304.01,549.53,268.19,376.19,380.62,420.75,406.5,403.37,MPHASIS
Tax,56.18,61.84,35.56,29.0,68.05,97.67,64.32,105.35,98.87,104.9,MPHASIS
Net profit,205.81,210.26,268.45,520.53,200.14,278.52,316.3,315.4,307.64,298.47,MPHASIS
Operating Profit,274.1,308.29,336.06,362.17,298.78,410.26,403.65,446.22,422.45,421.88,MPHASIS
