Report Date,2019-06-30 00:00:00,2019-09-30 00:00:00,2019-12-31 00:00:00,2020-03-31 00:00:00,2020-06-30 00:00:00,2020-09-30 00:00:00,2020-12-31 00:00:00,2021-03-31 00:00:00,2021-06-30 00:00:00,2021-09-30 00:00:00,Company_Name
Sales,43.86,44.36,42.09,16.37,13.99,16.02,12.21,6.31,13.69,8.72,MTEDUCARE
Expenses,36.47,32.82,28.26,29.27,14.36,18.33,14.79,14.85,12.07,8.22,MTEDUCARE
Other Income,6.17,6.71,4.22,-26.91,4.21,7.8,8.84,6.24,3.98,0.42,MTEDUCARE
Depreciation,8.75,8.7,8.58,11.2,6.94,5.98,5.61,3.09,3.37,2.86,MTEDUCARE
Interest,5.21,5.45,5.8,3.36,3.13,3.52,2.97,2.43,2.36,2.25,MTEDUCARE
Profit before tax,-0.4,4.1,3.67,-54.37,-6.23,-4.01,-2.32,-7.82,-0.13,-4.19,MTEDUCARE
Tax,-0.14,1.5,1.32,2.62,-1.81,-0.17,0.16,11.47,0.97,-0.95,MTEDUCARE
Net profit,-0.25,2.59,2.36,-56.99,-4.42,-3.84,-2.48,-19.29,-1.1,-3.24,MTEDUCARE
Operating Profit,7.39,11.54,13.83,-12.9,-0.37,-2.31,-2.58,-8.54,1.62,0.5,MTEDUCARE
