Report Date,2019-06-30 00:00:00,2019-09-30 00:00:00,2019-12-31 00:00:00,2020-03-31 00:00:00,2020-06-30 00:00:00,2020-09-30 00:00:00,2020-12-31 00:00:00,2021-03-31 00:00:00,2021-06-30 00:00:00,2021-09-30 00:00:00,Company_Name
Sales,190.99,301.72,238.68,276.63,252.02,344.17,264.75,330.43,324.68,442.85,NACLIND
Expenses,184.41,281.82,222.63,257.45,233.86,304.16,238.94,301.71,296.29,401.03,NACLIND
Other Income,7.3,3.93,1.87,1.26,3.22,2.58,3.07,6.49,3.15,5.47,NACLIND
Depreciation,5.91,6.19,6.01,5.86,6.55,6.52,6.27,5.96,6.11,6.17,NACLIND
Interest,6.54,7.39,7.67,7.56,6.79,6.86,8.29,6.86,6.38,7.03,NACLIND
Profit before tax,1.43,10.25,4.24,7.02,8.04,29.21,14.32,22.39,19.05,34.09,NACLIND
Tax,0.19,3.81,1.15,2.02,2.68,10.52,5.22,5.25,4.74,8.85,NACLIND
Net profit,1.24,6.44,3.09,5.0,5.36,18.69,9.1,17.14,14.31,25.24,NACLIND
Operating Profit,6.58,19.9,16.05,19.18,18.16,40.01,25.81,28.72,28.39,41.82,NACLIND
