Report Date,2019-06-30 00:00:00,2019-09-30 00:00:00,2019-12-31 00:00:00,2020-03-31 00:00:00,2020-06-30 00:00:00,2020-09-30 00:00:00,2020-12-31 00:00:00,2021-03-31 00:00:00,2021-06-30 00:00:00,2021-09-30 00:00:00,Company_Name
Sales,45.99,20.11,5.25,17.07,6.19,2.15,0.86,1.7,2.6,2.79,NAGREEKCAP
Expenses,52.27,28.95,13.46,57.94,4.54,0.76,-0.24,-0.15,1.26,0.48,NAGREEKCAP
Other Income,,,,,,,,0.09,,,NAGREEKCAP
Depreciation,0.01,0.01,0.01,0.02,0.01,0.01,0.01,0.01,0.01,0.01,NAGREEKCAP
Interest,4.13,3.29,2.59,1.59,1.5,1.36,1.16,1.81,1.18,1.62,NAGREEKCAP
Profit before tax,-10.42,-12.14,-10.81,-42.48,0.14,0.02,-0.07,0.12,0.15,0.68,NAGREEKCAP
Tax,,-5.67,,-5.43,0.02,-0.03,-8.61,8.65,,,NAGREEKCAP
Net profit,-10.41,-6.46,-10.81,-37.05,0.12,0.05,8.54,-8.53,0.15,0.68,NAGREEKCAP
Operating Profit,-6.28,-8.84,-8.21,-40.87,1.65,1.39,1.1,1.85,1.34,2.31,NAGREEKCAP
