Report Date,2019-06-30 00:00:00,2019-09-30 00:00:00,2019-12-31 00:00:00,2020-03-31 00:00:00,2020-06-30 00:00:00,2020-09-30 00:00:00,2020-12-31 00:00:00,2021-03-31 00:00:00,2021-06-30 00:00:00,2021-09-30 00:00:00,Company_Name
Sales,2.04,6.22,3.61,0.2,6.17,6.84,4.56,5.5,4.62,14.48,NAHARCAP
Expenses,2.09,1.42,1.42,1.62,0.88,1.17,1.43,2.02,2.43,1.45,NAHARCAP
Other Income,3.23,4.95,5.54,-4.79,7.95,4.19,8.7,3.69,5.98,5.34,NAHARCAP
Depreciation,0.17,0.17,0.19,0.2,0.2,0.2,0.2,0.24,0.26,0.26,NAHARCAP
Interest,0.15,0.09,0.04,0.23,0.05,0.03,0.03,0.07,0.04,0.01,NAHARCAP
Profit before tax,2.86,9.49,7.5,-6.64,12.99,9.63,11.6,6.86,7.87,18.1,NAHARCAP
Tax,1.8,-3.58,3.02,-2.68,4.71,0.7,3.87,2.15,1.46,4.58,NAHARCAP
Net profit,1.06,13.06,4.48,-3.97,8.29,8.94,7.72,4.72,6.41,13.52,NAHARCAP
Operating Profit,-0.05,4.8,2.19,-1.42,5.29,5.67,3.13,3.48,2.19,13.03,NAHARCAP
