Report Date,2019-06-30 00:00:00,2019-09-30 00:00:00,2019-12-31 00:00:00,2020-03-31 00:00:00,2020-06-30 00:00:00,2020-09-30 00:00:00,2020-12-31 00:00:00,2021-03-31 00:00:00,2021-06-30 00:00:00,2021-09-30 00:00:00,Company_Name
Sales,165.95,21.68,33.44,60.64,193.65,23.71,36.96,54.91,215.11,15.24,NATHBIOGEN
Expenses,128.4,16.01,27.37,53.43,149.45,17.86,29.65,43.88,166.58,10.44,NATHBIOGEN
Other Income,,,,,,,,,,,NATHBIOGEN
Depreciation,0.35,0.38,0.38,0.35,0.67,0.67,0.67,0.81,0.68,0.68,NATHBIOGEN
Interest,1.73,1.49,1.63,1.69,1.98,2.01,2.1,2.73,2.66,2.78,NATHBIOGEN
Profit before tax,35.47,3.8,4.06,5.17,41.55,3.17,4.54,7.49,45.19,1.34,NATHBIOGEN
Tax,0.21,0.11,0.16,-2.46,0.29,0.15,0.29,0.35,0.28,0.11,NATHBIOGEN
Net profit,35.26,3.69,3.9,7.63,41.26,3.01,4.25,7.14,44.91,1.23,NATHBIOGEN
Operating Profit,37.55,5.67,6.07,7.21,44.2,5.85,7.31,11.03,48.53,4.8,NATHBIOGEN
