Report Date,2019-06-30 00:00:00,2019-09-30 00:00:00,2019-12-31 00:00:00,2020-03-31 00:00:00,2020-06-30 00:00:00,2020-09-30 00:00:00,2020-12-31 00:00:00,2021-03-31 00:00:00,2021-06-30 00:00:00,2021-09-30 00:00:00,Company_Name
Sales,109.31,117.78,117.46,93.7,92.46,95.83,93.77,99.29,98.11,104.48,NOVARTIND
Expenses,114.51,120.57,108.45,82.69,88.27,85.62,96.65,84.02,90.27,97.39,NOVARTIND
Other Income,10.89,10.01,7.3,7.94,6.96,5.6,8.26,12.27,6.46,6.38,NOVARTIND
Depreciation,3.22,3.14,3.27,3.51,3.06,3.1,3.08,2.92,2.91,2.68,NOVARTIND
Interest,1.16,1.68,1.66,1.89,1.68,1.66,1.62,2.72,1.54,1.5,NOVARTIND
Profit before tax,1.31,2.4,11.38,13.55,6.41,11.05,0.68,21.9,9.85,9.29,NOVARTIND
Tax,0.52,7.62,3.65,6.77,2.02,3.53,1.39,12.2,3.57,2.27,NOVARTIND
Net profit,0.79,-5.22,7.73,6.78,4.39,7.52,-0.71,9.7,6.28,7.02,NOVARTIND
Operating Profit,-5.2,-2.79,9.01,11.01,4.19,10.21,-2.88,15.27,7.84,7.09,NOVARTIND
