Report Date,2019-06-30 00:00:00,2019-09-30 00:00:00,2019-12-31 00:00:00,2020-03-31 00:00:00,2020-06-30 00:00:00,2020-09-30 00:00:00,2020-12-31 00:00:00,2021-03-31 00:00:00,2021-06-30 00:00:00,2021-09-30 00:00:00,Company_Name
Sales,2.76,32.2,2.95,3.04,12.08,22.87,4.73,4.04,12.88,43.61,NSIL
Expenses,9.83,13.32,2.13,0.82,3.1,2.27,5.09,0.45,0.44,0.68,NSIL
Other Income,,,0.12,,,2.35,,0.02,,1.13,NSIL
Depreciation,0.02,,,,,,,,,,NSIL
Interest,,,,,,,,,,,NSIL
Profit before tax,-7.09,18.88,0.94,2.22,8.98,22.95,-0.36,3.61,12.44,44.06,NSIL
Tax,-1.62,-1.7,0.71,-7.0,2.1,2.03,-0.06,-2.1,2.88,8.88,NSIL
Net profit,-5.47,20.59,0.23,9.23,6.87,20.93,-0.3,5.71,9.55,35.17,NSIL
Operating Profit,-7.07,18.88,0.82,2.22,8.98,20.6,-0.36,3.59,12.44,42.93,NSIL
