Report Date,2019-06-30 00:00:00,2019-09-30 00:00:00,2019-12-31 00:00:00,2020-03-31 00:00:00,2020-06-30 00:00:00,2020-09-30 00:00:00,2020-12-31 00:00:00,2021-03-31 00:00:00,2021-06-30 00:00:00,2021-09-30 00:00:00,Company_Name
Sales,173.87,100.17,99.49,93.15,23.99,50.29,29.04,58.17,40.93,43.6,OMAXAUTO
Expenses,158.67,96.88,97.1,93.35,33.0,52.5,45.75,71.88,43.43,46.21,OMAXAUTO
Other Income,29.14,16.36,4.28,11.44,3.6,6.21,4.95,55.09,3.77,6.97,OMAXAUTO
Depreciation,2.63,2.59,2.55,2.48,2.34,2.33,2.44,5.43,2.85,3.29,OMAXAUTO
Interest,5.72,5.98,6.51,6.91,7.96,7.22,7.07,4.97,6.65,7.48,OMAXAUTO
Profit before tax,35.99,11.08,-2.39,1.85,-15.71,-5.55,-21.27,30.98,-8.23,-6.41,OMAXAUTO
Tax,7.0,-2.71,0.11,-1.47,-4.79,0.83,-7.71,10.78,-2.07,-3.03,OMAXAUTO
Net profit,28.99,13.79,-2.5,3.3,-10.91,-6.37,-13.56,20.19,-6.15,-3.38,OMAXAUTO
Operating Profit,15.2,3.29,2.39,-0.2,-9.01,-2.21,-16.71,-13.71,-2.5,-2.61,OMAXAUTO
