Report Date,2019-06-30 00:00:00,2019-09-30 00:00:00,2019-12-31 00:00:00,2020-03-31 00:00:00,2020-06-30 00:00:00,2020-09-30 00:00:00,2020-12-31 00:00:00,2021-03-31 00:00:00,2021-06-30 00:00:00,2021-09-30 00:00:00,Company_Name
Sales,231.17,118.19,120.98,309.25,45.43,118.67,51.61,36.68,51.8,152.15,OMAXE
Expenses,167.37,114.71,93.98,249.69,39.25,130.21,81.77,106.57,59.73,110.18,OMAXE
Other Income,4.88,77.09,42.18,19.34,1.76,5.39,1.61,22.9,1.95,3.4,OMAXE
Depreciation,13.42,17.03,15.48,20.76,12.16,12.73,9.23,23.16,13.69,14.87,OMAXE
Interest,46.33,51.78,47.14,56.12,36.29,50.46,39.41,22.91,25.67,28.42,OMAXE
Profit before tax,8.93,11.76,6.56,2.02,-40.51,-69.34,-77.19,-93.06,-45.34,2.08,OMAXE
Tax,3.12,4.11,2.29,114.1,0.36,-0.38,-1.37,-68.5,-11.41,0.52,OMAXE
Net profit,5.81,7.65,4.27,-112.08,-40.87,-68.96,-75.82,-24.56,-33.93,1.56,OMAXE
Operating Profit,63.8,3.48,27.0,59.56,6.18,-11.54,-30.16,-69.89,-7.93,41.97,OMAXE
