Report Date,2019-06-30 00:00:00,2019-09-30 00:00:00,2019-12-31 00:00:00,2020-03-31 00:00:00,2020-06-30 00:00:00,2020-09-30 00:00:00,2020-12-31 00:00:00,2021-03-31 00:00:00,2021-06-30 00:00:00,2021-09-30 00:00:00,Company_Name
Sales,834.96,775.42,793.8,541.29,284.83,740.31,927.06,880.77,501.54,1084.01,PAGEIND
Expenses,648.34,626.38,655.02,483.16,319.54,574.95,700.93,710.96,467.34,850.58,PAGEIND
Other Income,5.5,5.75,3.48,9.91,6.05,3.71,4.15,5.56,3.56,5.36,PAGEIND
Depreciation,13.98,14.67,16.4,16.3,16.05,15.66,15.63,15.58,15.9,16.52,PAGEIND
Interest,8.27,8.07,8.96,8.55,7.67,7.51,7.39,7.16,7.35,7.45,PAGEIND
Profit before tax,169.87,132.05,116.9,43.19,-52.38,145.9,207.26,152.63,14.51,214.82,PAGEIND
Tax,59.2,17.54,29.88,12.16,-12.82,35.03,53.56,37.07,3.57,54.33,PAGEIND
Net profit,110.67,114.51,87.02,31.02,-39.55,110.87,153.7,115.56,10.95,160.49,PAGEIND
Operating Profit,186.62,149.04,138.78,58.13,-34.71,165.36,226.13,169.81,34.2,233.43,PAGEIND
