Report Date,2019-06-30 00:00:00,2019-09-30 00:00:00,2019-12-31 00:00:00,2020-03-31 00:00:00,2020-06-30 00:00:00,2020-09-30 00:00:00,2020-12-31 00:00:00,2021-03-31 00:00:00,2021-06-30 00:00:00,2021-09-30 00:00:00,Company_Name
Sales,23.9,41.38,22.65,1028.06,10.62,13.23,43.97,219.9,17.0,23.97,PARSVNATH
Expenses,32.89,47.11,32.85,969.63,12.68,20.4,66.86,229.99,22.44,28.62,PARSVNATH
Other Income,12.82,45.67,12.86,50.45,12.37,12.74,12.49,12.69,3.03,5.73,PARSVNATH
Depreciation,1.1,1.1,1.11,1.2,1.1,1.09,1.01,1.1,0.67,0.67,PARSVNATH
Interest,74.45,65.1,70.7,57.68,60.81,55.84,51.3,72.56,32.79,30.24,PARSVNATH
Profit before tax,-71.72,-26.26,-69.15,50.0,-51.6,-51.36,-62.71,-71.06,-35.87,-29.83,PARSVNATH
Tax,-17.86,-6.15,,,,,,5.31,,4.14,PARSVNATH
Net profit,-53.86,-20.11,-69.15,50.0,-51.6,-51.35,-62.71,-76.36,-35.87,-33.97,PARSVNATH
Operating Profit,-8.99,-5.73,-10.2,58.43,-2.06,-7.17,-22.89,-10.09,-5.44,-4.65,PARSVNATH
