Report Date,2019-06-30 00:00:00,2019-09-30 00:00:00,2019-12-31 00:00:00,2020-03-31 00:00:00,2020-06-30 00:00:00,2020-09-30 00:00:00,2020-12-31 00:00:00,2021-03-31 00:00:00,2021-06-30 00:00:00,2021-09-30 00:00:00,Company_Name
Sales,191.6,149.9,143.32,178.82,61.14,102.35,153.16,188.8,122.57,176.01,PASUPTAC
Expenses,168.61,155.83,137.21,176.4,64.95,105.21,128.37,147.13,99.1,157.41,PASUPTAC
Other Income,2.32,1.65,0.9,1.57,1.05,3.82,2.58,1.33,1.2,2.08,PASUPTAC
Depreciation,1.65,1.68,1.67,1.65,1.55,1.56,1.56,1.59,1.52,1.55,PASUPTAC
Interest,1.46,1.32,1.29,0.92,0.75,1.1,0.9,1.03,0.68,0.68,PASUPTAC
Profit before tax,22.2,-7.28,4.05,1.42,-5.06,-1.7,24.91,40.38,22.47,18.45,PASUPTAC
Tax,7.77,-2.48,1.58,0.47,-1.92,0.09,8.24,9.07,5.83,4.67,PASUPTAC
Net profit,14.43,-4.8,2.47,0.95,-3.14,-1.79,16.67,31.31,16.64,13.78,PASUPTAC
Operating Profit,22.99,-5.93,6.11,2.42,-3.81,-2.86,24.79,41.67,23.47,18.6,PASUPTAC
