Report Date,2019-06-30 00:00:00,2019-09-30 00:00:00,2019-12-31 00:00:00,2020-03-31 00:00:00,2020-06-30 00:00:00,2020-09-30 00:00:00,2020-12-31 00:00:00,2021-03-31 00:00:00,2021-06-30 00:00:00,2021-09-30 00:00:00,Company_Name
Sales,159.27,158.72,153.21,133.27,60.3,100.2,128.51,147.87,106.43,130.7,PDMJEPAPER
Expenses,147.8,144.05,135.01,121.89,59.54,84.23,102.93,122.16,86.41,115.31,PDMJEPAPER
Other Income,1.46,1.18,1.06,1.5,2.07,1.62,-22.71,2.52,2.08,1.29,PDMJEPAPER
Depreciation,2.2,2.25,2.36,5.36,2.71,2.7,2.68,2.36,2.77,2.78,PDMJEPAPER
Interest,2.03,2.15,1.79,1.72,1.59,1.74,1.55,1.5,1.52,1.01,PDMJEPAPER
Profit before tax,8.7,11.45,15.11,5.8,-1.47,13.15,-1.36,24.37,17.81,12.89,PDMJEPAPER
Tax,2.94,3.8,5.2,1.89,-0.67,2.85,-0.61,3.09,3.93,3.49,PDMJEPAPER
Net profit,5.76,7.64,9.91,3.9,-0.8,10.3,-0.75,21.28,13.88,9.4,PDMJEPAPER
Operating Profit,11.47,14.67,18.2,11.38,0.76,15.97,25.58,25.71,20.02,15.39,PDMJEPAPER
