Report Date,2019-06-30 00:00:00,2019-09-30 00:00:00,2019-12-31 00:00:00,2020-03-31 00:00:00,2020-06-30 00:00:00,2020-09-30 00:00:00,2020-12-31 00:00:00,2021-03-31 00:00:00,2021-06-30 00:00:00,2021-09-30 00:00:00,Company_Name
Sales,36.06,32.42,34.33,29.08,7.04,17.49,22.61,28.87,15.91,34.2,PFOCUS
Expenses,27.33,22.57,19.97,18.38,10.18,13.53,12.34,13.2,11.05,14.42,PFOCUS
Other Income,3.48,6.72,5.32,205.55,6.16,6.84,101.31,10.23,10.29,11.8,PFOCUS
Depreciation,16.33,16.95,17.32,16.81,16.14,16.77,16.39,15.47,15.51,15.76,PFOCUS
Interest,16.28,14.68,16.67,15.7,15.23,15.98,19.29,8.85,8.68,8.34,PFOCUS
Profit before tax,-20.4,-15.06,-14.31,183.74,-28.35,-21.95,75.9,1.58,-9.04,7.48,PFOCUS
Tax,-0.23,-1.19,12.86,-44.14,,,,,,0.11,PFOCUS
Net profit,-20.16,-13.86,-27.17,227.88,-28.35,-21.96,75.9,1.59,-9.04,7.36,PFOCUS
Operating Profit,8.73,9.85,14.36,10.7,-3.14,3.96,10.27,15.67,4.86,19.78,PFOCUS
