Report Date,2019-06-30 00:00:00,2019-09-30 00:00:00,2019-12-31 00:00:00,2020-03-31 00:00:00,2020-06-30 00:00:00,2020-09-30 00:00:00,2020-12-31 00:00:00,2021-03-31 00:00:00,2021-06-30 00:00:00,2021-09-30 00:00:00,Company_Name
Sales,911.52,862.99,768.65,700.38,359.53,663.86,769.4,866.73,1003.85,1067.6,PHILIPCARB
Expenses,798.04,734.27,648.43,601.04,320.95,558.48,581.03,680.49,839.93,880.8,PHILIPCARB
Other Income,5.78,4.9,5.17,8.28,2.54,0.87,1.79,10.59,3.33,3.31,PHILIPCARB
Depreciation,21.2,21.82,22.27,25.3,27.07,27.31,27.79,27.95,29.19,30.4,PHILIPCARB
Interest,12.7,9.08,10.64,12.04,11.37,6.47,7.96,8.08,7.61,7.66,PHILIPCARB
Profit before tax,85.36,102.72,92.48,70.28,2.68,72.47,154.41,160.8,130.45,152.05,PHILIPCARB
Tax,20.7,25.67,22.86,-1.88,0.37,14.92,29.38,33.42,26.14,30.53,PHILIPCARB
Net profit,64.66,77.05,69.62,72.16,2.31,57.55,125.03,127.38,104.31,121.52,PHILIPCARB
Operating Profit,113.48,128.72,120.22,99.34,38.58,105.38,188.37,186.24,163.92,186.8,PHILIPCARB
