Report Date,2019-06-30 00:00:00,2019-09-30 00:00:00,2019-12-31 00:00:00,2020-03-31 00:00:00,2020-06-30 00:00:00,2020-09-30 00:00:00,2020-12-31 00:00:00,2021-03-31 00:00:00,2021-06-30 00:00:00,2021-09-30 00:00:00,Company_Name
Sales,152.36,163.22,171.41,159.18,160.62,190.23,194.03,202.51,202.97,211.93,POLYMED
Expenses,115.59,122.69,126.56,121.18,115.66,136.19,137.62,149.59,149.0,161.47,POLYMED
Other Income,4.17,5.01,3.98,5.42,3.45,3.62,4.79,7.43,10.23,12.29,POLYMED
Depreciation,9.74,9.99,10.46,9.09,10.71,11.14,12.25,12.21,12.55,13.19,POLYMED
Interest,3.09,1.45,5.2,7.92,2.63,2.64,4.62,-1.97,3.02,0.03,POLYMED
Profit before tax,28.11,34.1,33.17,26.41,35.07,43.88,44.33,50.11,48.63,49.53,POLYMED
Tax,7.92,7.07,8.61,5.8,9.45,10.65,10.81,12.96,12.6,12.18,POLYMED
Net profit,20.18,27.02,24.56,20.61,25.62,33.24,33.52,37.14,36.03,37.34,POLYMED
Operating Profit,36.77,40.53,44.85,38.0,44.96,54.04,56.41,52.92,53.97,50.46,POLYMED
