Report Date,2019-06-30 00:00:00,2019-09-30 00:00:00,2019-12-31 00:00:00,2020-03-31 00:00:00,2020-06-30 00:00:00,2020-09-30 00:00:00,2020-12-31 00:00:00,2021-03-31 00:00:00,2021-06-30 00:00:00,2021-09-30 00:00:00,Company_Name
Sales,8.56,8.61,7.41,8.1,2.14,4.05,4.55,6.25,3.03,3.44,PRESSMN
Expenses,7.09,6.99,6.33,6.87,1.49,2.98,3.12,5.09,2.52,2.76,PRESSMN
Other Income,0.62,0.55,0.98,-0.56,1.4,0.8,0.88,0.27,0.64,0.72,PRESSMN
Depreciation,,,,,,,,,,,PRESSMN
Interest,,,,,,,,,,,PRESSMN
Profit before tax,2.09,2.17,2.06,0.67,2.05,1.87,2.31,1.43,1.15,1.4,PRESSMN
Tax,0.46,0.52,0.44,0.24,0.4,0.5,0.5,0.59,-0.13,0.26,PRESSMN
Net profit,1.63,1.65,1.61,0.44,1.65,1.37,1.81,0.84,1.28,1.13,PRESSMN
Operating Profit,1.47,1.62,1.08,1.23,0.65,1.07,1.43,1.16,0.51,0.68,PRESSMN
