Report Date,2019-06-30 00:00:00,2019-09-30 00:00:00,2019-12-31 00:00:00,2020-03-31 00:00:00,2020-06-30 00:00:00,2020-09-30 00:00:00,2020-12-31 00:00:00,2021-03-31 00:00:00,2021-06-30 00:00:00,2021-09-30 00:00:00,Company_Name
Sales,5.14,8.2,0.47,22.29,5.65,8.21,4.69,11.72,5.91,11.67,PRIMESECU
Expenses,2.46,4.53,4.67,23.17,2.31,2.87,3.68,9.1,3.4,3.79,PRIMESECU
Other Income,0.65,0.65,0.65,,0.32,0.33,,0.02,2.78,0.1,PRIMESECU
Depreciation,0.06,0.06,0.05,0.21,0.17,0.15,0.2,0.2,0.19,0.2,PRIMESECU
Interest,0.01,0.02,0.01,0.04,0.06,0.05,0.06,0.05,0.05,0.05,PRIMESECU
Profit before tax,3.26,4.24,-3.61,-1.13,3.43,5.47,0.75,2.39,5.05,7.73,PRIMESECU
Tax,0.81,0.89,-0.83,0.44,0.89,0.99,,0.53,0.69,1.31,PRIMESECU
Net profit,2.45,3.35,-2.78,-1.57,2.54,4.48,0.75,1.86,4.36,6.42,PRIMESECU
Operating Profit,2.68,3.67,-4.2,-0.88,3.34,5.34,1.01,2.62,2.51,7.88,PRIMESECU
