Report Date,2019-06-30 00:00:00,2019-09-30 00:00:00,2019-12-31 00:00:00,2020-03-31 00:00:00,2020-06-30 00:00:00,2020-09-30 00:00:00,2020-12-31 00:00:00,2021-03-31 00:00:00,2021-06-30 00:00:00,2021-09-30 00:00:00,Company_Name
Sales,1507.66,1314.19,1378.83,1372.02,764.76,1205.93,1375.47,1689.02,1116.88,1340.71,PRSMJOHNSN
Expenses,1322.6,1231.58,1267.16,1228.95,730.04,1049.84,1189.82,1448.86,970.26,1180.15,PRSMJOHNSN
Other Income,9.66,2.68,6.36,-2.88,8.87,-10.11,-5.33,37.49,5.09,7.4,PRSMJOHNSN
Depreciation,45.86,47.74,48.84,61.24,57.4,64.87,54.9,75.41,61.79,62.02,PRSMJOHNSN
Interest,46.7,51.52,57.33,55.96,53.09,48.91,45.3,43.88,44.33,45.33,PRSMJOHNSN
Profit before tax,102.16,-13.97,11.86,22.99,-66.9,32.2,80.12,158.36,45.59,60.61,PRSMJOHNSN
Tax,36.6,-5.19,4.27,32.32,,,18.77,-14.94,11.48,15.25,PRSMJOHNSN
Net profit,65.56,-8.78,7.59,-9.33,-66.9,32.2,61.35,173.3,34.11,45.36,PRSMJOHNSN
Operating Profit,185.06,82.61,111.67,143.07,34.72,156.09,185.65,240.16,146.62,160.56,PRSMJOHNSN
