Report Date,2019-06-30 00:00:00,2019-09-30 00:00:00,2019-12-31 00:00:00,2020-03-31 00:00:00,2020-06-30 00:00:00,2020-09-30 00:00:00,2020-12-31 00:00:00,2021-03-31 00:00:00,2021-06-30 00:00:00,2021-09-30 00:00:00,Company_Name
Sales,363.13,748.78,533.21,346.31,662.7,725.01,570.47,471.25,740.51,727.8,RALLIS
Expenses,343.97,628.75,477.32,356.24,534.41,608.25,510.35,453.43,618.9,639.83,RALLIS
Other Income,6.69,6.76,10.08,20.92,11.75,14.7,13.75,9.69,6.98,7.49,RALLIS
Depreciation,12.36,18.63,15.94,12.69,17.92,20.31,11.04,14.8,18.49,17.74,RALLIS
Interest,1.21,1.88,1.57,1.09,1.97,1.4,0.79,1.05,0.93,1.23,RALLIS
Profit before tax,12.28,106.28,48.46,-2.79,120.15,109.75,62.04,11.66,109.17,76.49,RALLIS
Tax,3.96,20.51,10.35,-3.34,28.28,26.8,16.41,3.44,26.75,20.05,RALLIS
Net profit,8.32,85.77,38.11,0.55,91.87,82.95,45.63,8.22,82.42,56.44,RALLIS
Operating Profit,19.16,120.03,55.89,-9.93,128.29,116.76,60.12,17.82,121.61,87.97,RALLIS
