Report Date,2019-06-30 00:00:00,2019-09-30 00:00:00,2019-12-31 00:00:00,2020-03-31 00:00:00,2020-06-30 00:00:00,2020-09-30 00:00:00,2020-12-31 00:00:00,2021-03-31 00:00:00,2021-06-30 00:00:00,2021-09-30 00:00:00,Company_Name
Sales,2022.67,2126.15,2157.33,2208.23,2259.4,2096.68,1979.89,1965.38,2025.83,1974.8,RBLBANK
Expenses,892.91,1207.7,1315.74,1370.76,1185.07,1156.08,1292.97,1484.19,2241.08,1468.84,RBLBANK
Other Income,481.21,441.53,486.97,500.54,333.33,418.2,579.87,688.43,653.36,592.85,RBLBANK
Depreciation,,,,,,,,,,,RBLBANK
Interest,1205.35,1257.46,1234.68,1187.25,1218.1,1164.61,1071.74,1059.34,1056.33,1059.32,RBLBANK
Profit before tax,405.62,102.52,93.88,150.76,189.56,194.19,195.05,110.28,-618.22,39.49,RBLBANK
Tax,138.57,48.21,23.93,36.4,48.34,50.03,47.99,34.94,-158.75,8.69,RBLBANK
Net profit,267.05,54.31,69.95,114.36,141.22,144.16,147.06,75.34,-459.47,30.8,RBLBANK
Operating Profit,1129.76,918.45,841.59,837.47,1074.33,940.6,686.92,481.19,-215.25,505.96,RBLBANK
