Report Date,Unnamed: 1,Unnamed: 2,2019-12-31 00:00:00,2020-03-31 00:00:00,2020-06-30 00:00:00,2020-09-30 00:00:00,2020-12-31 00:00:00,2021-03-31 00:00:00,2021-06-30 00:00:00,2021-09-30 00:00:00,Company_Name
Sales,,,13.46,28.48,6.43,14.14,19.52,30.06,14.66,19.41,REPL
Expenses,,,9.35,20.45,5.41,12.24,13.63,18.9,10.74,15.89,REPL
Other Income,,,0.15,0.16,0.21,0.42,0.23,0.07,0.16,0.47,REPL
Depreciation,,,0.28,0.34,0.26,0.31,0.29,0.98,0.38,0.36,REPL
Interest,,,0.32,0.07,0.06,0.08,0.08,0.08,0.09,0.11,REPL
Profit before tax,,,3.66,7.78,0.91,1.93,5.75,10.17,3.61,3.52,REPL
Tax,,,0.92,2.65,0.29,0.5,1.54,2.61,0.96,1.0,REPL
Net profit,,,2.74,5.12,0.61,1.42,4.21,7.55,2.65,2.52,REPL
Operating Profit,,,4.11,8.03,1.02,1.9,5.89,11.16,3.92,3.52,REPL
