Report Date,2019-06-30 00:00:00,2019-09-30 00:00:00,2019-12-31 00:00:00,2020-03-31 00:00:00,2020-06-30 00:00:00,2020-09-30 00:00:00,2020-12-31 00:00:00,2021-03-31 00:00:00,2021-06-30 00:00:00,2021-09-30 00:00:00,Company_Name
Sales,188.38,178.84,167.31,339.58,231.24,346.31,382.57,406.29,428.32,431.39,RHIM
Expenses,153.59,147.57,139.6,284.32,202.9,297.29,316.94,341.51,354.28,366.15,RHIM
Other Income,1.67,1.65,1.46,0.84,2.6,2.83,1.87,4.74,3.58,0.76,RHIM
Depreciation,2.37,2.6,2.99,6.82,6.93,7.13,7.77,7.79,7.71,8.2,RHIM
Interest,,,,5.49,0.52,1.07,1.04,3.86,2.6,-0.93,RHIM
Profit before tax,34.09,30.32,26.18,43.79,23.49,43.65,58.69,57.87,67.31,58.73,RHIM
Tax,11.83,4.3,6.56,10.89,5.92,11.38,15.0,15.46,17.49,15.9,RHIM
Net profit,22.25,26.02,19.62,32.89,17.57,32.27,43.7,42.42,49.82,42.83,RHIM
Operating Profit,34.79,31.27,27.71,55.26,28.34,49.02,65.63,64.78,74.04,65.24,RHIM
