Report Date,2019-06-30 00:00:00,2019-09-30 00:00:00,2019-12-31 00:00:00,2020-03-31 00:00:00,2020-06-30 00:00:00,2020-09-30 00:00:00,2020-12-31 00:00:00,2021-03-31 00:00:00,2021-06-30 00:00:00,2021-09-30 00:00:00,Company_Name
Sales,127.81,150.33,162.4,159.55,109.47,173.71,205.76,201.48,203.95,338.61,ROSSARI
Expenses,105.49,121.95,132.26,135.39,85.48,143.67,173.35,167.07,173.58,301.13,ROSSARI
Other Income,0.78,0.81,0.05,1.99,1.58,4.99,1.1,2.54,3.28,3.28,ROSSARI
Depreciation,3.58,4.26,4.41,4.6,3.83,5.45,5.86,6.94,6.03,6.4,ROSSARI
Interest,0.46,1.29,0.91,1.01,1.14,0.69,0.36,0.8,0.62,0.89,ROSSARI
Profit before tax,19.06,23.64,24.87,20.54,20.6,28.89,27.29,29.21,27.0,33.47,ROSSARI
Tax,4.89,5.94,6.4,5.35,5.33,7.09,6.64,7.82,7.08,9.06,ROSSARI
Net profit,14.18,17.69,18.47,15.19,15.28,21.79,20.64,21.4,19.92,24.41,ROSSARI
Operating Profit,22.32,28.38,30.14,24.16,23.99,30.04,32.41,34.41,30.37,37.48,ROSSARI
