Report Date,Unnamed: 1,2019-09-30 00:00:00,2019-12-31 00:00:00,2020-03-31 00:00:00,2020-06-30 00:00:00,2020-09-30 00:00:00,2020-12-31 00:00:00,2021-03-31 00:00:00,2021-06-30 00:00:00,2021-09-30 00:00:00,Company_Name
Sales,,101.57,93.98,108.25,100.87,93.31,91.27,90.94,58.37,85.65,ROUTE
Expenses,,104.38,89.02,102.03,90.9,88.69,84.94,81.49,56.53,77.82,ROUTE
Other Income,,1.85,-12.25,12.39,2.14,2.37,4.19,2.87,4.62,2.74,ROUTE
Depreciation,,1.42,1.58,1.88,1.76,2.73,2.92,2.97,2.95,4.19,ROUTE
Interest,,0.51,0.85,0.76,0.72,0.67,0.26,0.14,0.34,0.53,ROUTE
Profit before tax,,-2.89,-9.72,15.97,9.63,3.59,7.34,9.21,3.17,5.85,ROUTE
Tax,,-0.69,-2.59,3.32,2.47,0.86,1.89,2.23,0.8,1.54,ROUTE
Net profit,,-2.19,-7.13,12.66,7.16,2.74,5.45,6.98,2.38,4.31,ROUTE
Operating Profit,,-2.81,4.96,6.22,9.97,4.62,6.33,9.45,1.84,7.83,ROUTE
