Report Date,2019-06-30 00:00:00,2019-09-30 00:00:00,2019-12-31 00:00:00,2020-03-31 00:00:00,2020-06-30 00:00:00,2020-09-30 00:00:00,2020-12-31 00:00:00,2021-03-31 00:00:00,2021-06-30 00:00:00,2021-09-30 00:00:00,Company_Name
Sales,94.04,98.49,94.37,88.67,91.65,97.13,107.6,92.76,108.13,112.65,RPGLIFE
Expenses,78.69,82.08,79.48,76.17,74.8,78.01,86.3,80.1,85.18,86.85,RPGLIFE
Other Income,0.16,0.15,0.04,-4.94,0.45,0.04,0.12,0.3,0.41,0.71,RPGLIFE
Depreciation,3.92,4.16,4.16,4.12,4.16,4.2,4.19,3.92,3.96,3.99,RPGLIFE
Interest,0.73,0.36,0.36,0.3,0.31,0.23,0.16,0.09,0.13,0.17,RPGLIFE
Profit before tax,10.86,12.04,10.41,3.14,12.83,14.73,17.07,8.95,19.27,22.35,RPGLIFE
Tax,2.51,2.27,2.5,0.16,3.77,3.58,4.2,2.03,5.69,6.6,RPGLIFE
Net profit,8.35,9.77,7.91,2.98,9.06,11.15,12.87,6.92,13.58,15.75,RPGLIFE
Operating Profit,15.35,16.41,14.89,12.5,16.85,19.12,21.3,12.66,22.95,25.8,RPGLIFE
