Report Date,2019-06-30 00:00:00,2019-09-30 00:00:00,2019-12-31 00:00:00,2020-03-31 00:00:00,2020-06-30 00:00:00,2020-09-30 00:00:00,2020-12-31 00:00:00,2021-03-31 00:00:00,2021-06-30 00:00:00,2021-09-30 00:00:00,Company_Name
Sales,15.35,15.35,15.35,17.85,15.35,18.35,15.35,64.95,27.88,27.87,RPSGVENT
Expenses,12.92,16.35,12.32,16.62,14.16,16.51,12.91,15.06,13.71,18.91,RPSGVENT
Other Income,0.64,75.43,0.68,93.41,0.75,1.01,0.96,112.57,0.08,0.08,RPSGVENT
Depreciation,,0.01,0.01,0.05,0.09,0.14,0.15,0.16,0.2,0.24,RPSGVENT
Interest,,,,,,,,,,,RPSGVENT
Profit before tax,3.07,74.42,3.7,94.59,1.85,2.71,3.25,162.3,14.05,8.8,RPSGVENT
Tax,0.92,-0.2,0.84,-0.07,0.46,0.65,0.79,40.91,3.52,2.24,RPSGVENT
Net profit,2.15,74.62,2.86,94.66,1.39,2.06,2.46,121.39,10.53,6.56,RPSGVENT
Operating Profit,2.43,-1.0,3.03,1.23,1.19,1.84,2.44,49.89,14.17,8.96,RPSGVENT
