Report Date,2019-06-30 00:00:00,2019-09-30 00:00:00,2019-12-31 00:00:00,2020-03-31 00:00:00,2020-06-30 00:00:00,2020-09-30 00:00:00,2020-12-31 00:00:00,2021-03-31 00:00:00,2021-06-30 00:00:00,2021-09-30 00:00:00,Company_Name
Sales,14820.01,14127.44,16541.31,16171.79,9067.48,16923.61,19832.93,23286.0,20642.38,26826.92,SAIL
Expenses,13238.07,12967.72,15543.72,9712.03,9470.27,15023.13,14755.46,17133.11,14078.83,19810.02,SAIL
Other Income,182.84,158.74,186.63,-314.75,277.73,420.0,218.77,153.62,110.38,230.61,SAIL
Depreciation,872.45,901.14,926.25,1055.21,973.31,989.79,981.25,1157.65,1026.07,1055.62,SAIL
Interest,788.4,940.35,849.38,908.63,886.29,720.37,670.08,540.4,502.97,439.0,SAIL
Profit before tax,103.93,-523.03,-591.41,4181.17,-1984.66,610.32,3644.91,4608.46,5144.89,5752.89,SAIL
Tax,35.09,-180.19,-161.79,1456.01,-714.39,217.0,2361.74,1164.66,1294.87,1449.27,SAIL
Net profit,68.84,-342.84,-429.62,2725.16,-1270.27,393.32,1283.17,3443.8,3850.02,4303.62,SAIL
Operating Profit,1581.94,1159.72,997.59,6459.76,-402.79,1900.48,5077.47,6152.89,6563.55,7016.9,SAIL
