Report Date,2019-06-30 00:00:00,2019-09-30 00:00:00,2019-12-31 00:00:00,2020-03-31 00:00:00,2020-06-30 00:00:00,2020-09-30 00:00:00,2020-12-31 00:00:00,2021-03-31 00:00:00,2021-06-30 00:00:00,2021-09-30 00:00:00,Company_Name
Sales,747.9,779.1,826.3,784.5,710.5,686.6,720.3,725.1,789.1,754.5,SANOFI
Expenses,590.1,603.6,648.1,607.8,533.3,494.4,553.3,535.7,542.0,555.7,SANOFI
Other Income,23.4,-16.5,4.9,-20.9,30.3,14.7,24.0,26.3,17.1,503.9,SANOFI
Depreciation,26.0,26.3,21.5,20.7,20.5,20.6,20.4,20.4,21.1,14.3,SANOFI
Interest,,,0.3,0.5,0.5,0.4,0.4,0.4,0.5,0.5,SANOFI
Profit before tax,155.2,132.7,161.3,134.6,186.5,185.9,170.2,194.9,242.6,687.9,SANOFI
Tax,57.8,6.1,64.0,49.2,50.2,53.0,47.2,49.0,64.3,158.1,SANOFI
Net profit,97.4,126.6,97.3,85.4,136.3,132.9,123.0,145.9,178.3,529.8,SANOFI
Operating Profit,157.8,175.5,178.2,176.7,177.2,192.2,167.0,189.4,247.1,198.8,SANOFI
