Report Date,2019-06-30 00:00:00,2019-09-30 00:00:00,2019-12-31 00:00:00,2020-03-31 00:00:00,2020-06-30 00:00:00,2020-09-30 00:00:00,2020-12-31 00:00:00,2021-03-31 00:00:00,2021-06-30 00:00:00,2021-09-30 00:00:00,Company_Name
Sales,9803.54,12877.86,15941.81,5174.31,16265.77,18640.11,26717.85,20289.05,16004.15,25635.71,SBILIFE
Expenses,9260.65,12711.69,15485.58,5078.17,15647.5,18436.52,26431.94,20623.72,15752.09,25363.76,SBILIFE
Other Income,12.87,11.93,12.85,491.2,8.72,11.52,10.1,836.57,17.47,10.55,SBILIFE
Depreciation,,,,,,,,,,,SBILIFE
Interest,,,,,,,,,,,SBILIFE
Profit before tax,555.76,178.1,469.08,587.34,626.99,215.11,296.01,501.9,269.53,282.5,SBILIFE
Tax,183.86,48.26,79.31,56.67,236.1,-84.62,63.16,-30.48,46.37,35.88,SBILIFE
Net profit,371.9,129.84,389.77,530.67,390.89,299.73,232.85,532.38,223.16,246.62,SBILIFE
Operating Profit,542.89,166.17,456.23,96.14,618.27,203.59,285.91,-334.67,252.06,271.95,SBILIFE
