Report Date,2019-06-30 00:00:00,2019-09-30 00:00:00,2019-12-31 00:00:00,2020-03-31 00:00:00,2020-06-30 00:00:00,2020-09-30 00:00:00,2020-12-31 00:00:00,2021-03-31 00:00:00,2021-06-30 00:00:00,2021-09-30 00:00:00,Company_Name
Sales,22.5,22.34,24.12,20.64,8.19,13.09,12.52,15.02,16.26,18.24,SELAN
Expenses,12.7,12.57,13.51,24.39,11.19,14.11,13.27,18.25,14.77,16.26,SELAN
Other Income,2.75,2.63,2.59,1.19,2.21,3.28,1.84,2.1,2.08,1.78,SELAN
Depreciation,0.77,0.73,0.74,0.91,0.72,0.61,0.62,0.57,0.6,0.57,SELAN
Interest,0.02,0.02,0.02,0.11,0.04,0.03,0.03,0.03,0.02,0.03,SELAN
Profit before tax,11.76,11.65,12.44,-3.58,-1.55,1.62,0.44,-1.73,2.95,3.16,SELAN
Tax,3.44,3.25,3.47,-0.32,-1.5,-1.37,-1.76,-2.83,1.28,1.02,SELAN
Net profit,8.32,8.4,8.97,-3.26,-0.05,2.99,2.2,1.1,1.67,2.14,SELAN
Operating Profit,9.8,9.77,10.61,-3.75,-3.0,-1.02,-0.75,-3.23,1.49,1.98,SELAN
