Report Date,2019-06-30 00:00:00,2019-09-30 00:00:00,2019-12-31 00:00:00,2020-03-31 00:00:00,2020-06-30 00:00:00,2020-09-30 00:00:00,2020-12-31 00:00:00,2021-03-31 00:00:00,2021-06-30 00:00:00,2021-09-30 00:00:00,Company_Name
Sales,84.51,56.71,76.88,72.95,7.65,44.84,65.08,72.81,79.83,107.19,SELMC
Expenses,114.21,81.33,87.22,71.61,17.23,55.99,83.91,175.01,87.04,112.75,SELMC
Other Income,39.05,-2387.38,2.31,-22.64,0.03,16.02,8.45,5330.19,0.91,1.5,SELMC
Depreciation,26.89,27.04,27.18,26.72,26.72,27.25,26.71,26.56,28.28,25.97,SELMC
Interest,1.17,-0.34,0.24,0.14,0.03,0.12,0.14,1.47,6.96,7.19,SELMC
Profit before tax,-18.71,-2438.7,-35.45,-48.16,-36.3,-22.5,-37.23,5199.96,-41.54,-37.22,SELMC
Tax,,,,,,,,,,,SELMC
Net profit,-18.71,-2438.7,-35.44,-48.16,-36.29,-22.5,-37.23,5199.96,-41.54,-37.23,SELMC
Operating Profit,-29.7,-24.62,-10.34,1.34,-9.58,-11.15,-18.83,-102.2,-7.21,-5.56,SELMC
