Report Date,2019-06-30 00:00:00,2019-09-30 00:00:00,2019-12-31 00:00:00,2020-03-31 00:00:00,2020-06-30 00:00:00,2020-09-30 00:00:00,2020-12-31 00:00:00,2021-03-31 00:00:00,2021-06-30 00:00:00,2021-09-30 00:00:00,Company_Name
Sales,71.75,70.91,58.02,41.61,25.13,53.7,64.83,71.87,66.97,71.77,SHANTIGEAR
Expenses,58.35,58.76,49.79,40.84,29.39,45.12,54.3,60.07,54.98,59.96,SHANTIGEAR
Other Income,1.28,1.88,1.57,1.8,1.8,1.72,1.89,2.87,2.1,2.16,SHANTIGEAR
Depreciation,2.07,2.14,2.1,2.08,2.08,2.12,2.24,2.42,2.59,2.63,SHANTIGEAR
Interest,,,,,,,,,,,SHANTIGEAR
Profit before tax,12.61,11.89,7.7,0.49,-4.54,8.18,10.18,12.25,11.5,11.34,SHANTIGEAR
Tax,3.16,3.53,1.61,-0.8,-0.96,1.55,2.48,2.83,2.92,3.44,SHANTIGEAR
Net profit,9.45,8.36,6.09,1.29,-3.58,6.63,7.7,9.42,8.58,7.9,SHANTIGEAR
Operating Profit,13.4,12.15,8.23,0.77,-4.26,8.58,10.53,11.8,11.99,11.81,SHANTIGEAR
