Report Date,2019-06-30 00:00:00,2019-09-30 00:00:00,2019-12-31 00:00:00,2020-03-31 00:00:00,2020-06-30 00:00:00,2020-09-30 00:00:00,2020-12-31 00:00:00,2021-03-31 00:00:00,2021-06-30 00:00:00,2021-09-30 00:00:00,Company_Name
Sales,154.56,236.53,216.93,197.93,216.64,262.68,171.3,179.7,240.33,285.87,SHILPAMED
Expenses,114.72,163.68,140.26,148.65,139.05,181.3,140.61,142.36,199.99,221.94,SHILPAMED
Other Income,3.43,2.43,2.43,30.97,55.58,7.52,8.61,15.14,9.79,18.02,SHILPAMED
Depreciation,8.57,8.61,8.62,9.16,9.91,9.84,10.48,10.62,11.69,13.13,SHILPAMED
Interest,1.32,0.63,1.09,1.29,3.54,3.34,3.95,6.64,6.99,7.85,SHILPAMED
Profit before tax,33.38,66.04,69.39,69.8,119.72,75.72,24.87,35.22,31.45,60.97,SHILPAMED
Tax,7.28,12.94,12.77,11.89,33.58,20.95,7.99,8.63,6.32,17.35,SHILPAMED
Net profit,26.1,53.1,56.61,57.9,86.14,54.78,16.88,26.59,25.15,43.62,SHILPAMED
Operating Profit,39.84,72.85,76.67,49.28,77.59,81.38,30.69,37.34,40.34,63.93,SHILPAMED
