Report Date,2019-06-30 00:00:00,2019-09-30 00:00:00,2019-12-31 00:00:00,2020-03-31 00:00:00,2020-06-30 00:00:00,2020-09-30 00:00:00,2020-12-31 00:00:00,2021-03-31 00:00:00,2021-06-30 00:00:00,2021-09-30 00:00:00,Company_Name
Sales,102.76,120.83,136.47,91.38,49.75,130.94,171.8,150.63,74.65,130.9,SHIL
Expenses,102.17,118.6,132.22,90.01,61.43,120.9,154.0,139.64,78.36,119.79,SHIL
Other Income,0.41,0.22,1.21,27.22,0.43,1.39,36.14,1.28,2.91,26.5,SHIL
Depreciation,4.36,4.55,4.9,8.02,4.13,5.96,2.62,2.67,3.24,5.43,SHIL
Interest,3.29,2.94,3.86,3.04,5.37,3.82,2.98,2.77,3.9,4.23,SHIL
Profit before tax,-6.65,-5.04,-3.3,17.53,-20.75,1.65,48.34,6.83,-7.94,27.95,SHIL
Tax,-2.46,-1.04,-0.89,-1.85,-7.49,1.11,11.33,12.48,-2.76,9.24,SHIL
Net profit,-4.19,-4.0,-2.41,19.38,-13.26,0.54,37.01,-5.65,-5.18,18.71,SHIL
Operating Profit,0.59,2.23,4.25,1.37,-11.68,10.04,17.8,10.99,-3.71,11.11,SHIL
