Report Date,2019-06-30 00:00:00,2019-09-30 00:00:00,2019-12-31 00:00:00,2020-03-31 00:00:00,2020-06-30 00:00:00,2020-09-30 00:00:00,2020-12-31 00:00:00,2021-03-31 00:00:00,2021-06-30 00:00:00,2021-09-30 00:00:00,Company_Name
Sales,156.2,123.74,127.07,133.3,76.97,79.0,91.9,118.57,135.2,119.44,SHREYANIND
Expenses,137.49,112.9,117.73,130.55,71.05,80.81,98.48,110.65,124.29,118.27,SHREYANIND
Other Income,0.24,0.6,2.36,2.83,5.08,3.93,7.57,3.94,3.38,4.87,SHREYANIND
Depreciation,2.47,2.48,2.44,3.13,2.66,2.66,2.97,2.79,3.22,3.23,SHREYANIND
Interest,1.09,1.08,1.29,1.14,1.09,1.04,1.5,1.84,1.51,1.57,SHREYANIND
Profit before tax,15.39,7.88,7.97,1.31,7.25,-1.58,-3.48,7.23,9.56,1.24,SHREYANIND
Tax,4.86,0.06,-4.04,-0.3,0.48,0.27,0.75,-0.86,0.44,0.64,SHREYANIND
Net profit,10.53,7.82,12.01,1.61,6.77,-1.85,-4.23,8.08,9.12,0.6,SHREYANIND
Operating Profit,18.71,10.84,9.34,2.75,5.92,-1.81,-6.58,7.92,10.91,1.17,SHREYANIND
