Report Date,2019-06-30 00:00:00,2019-09-30 00:00:00,2019-12-31 00:00:00,2020-03-31 00:00:00,2020-06-30 00:00:00,2020-09-30 00:00:00,2020-12-31 00:00:00,2021-03-31 00:00:00,2021-06-30 00:00:00,2021-09-30 00:00:00,Company_Name
Sales,13.18,24.75,15.88,33.45,17.6,34.66,35.63,39.73,38.5,51.61,SHYAMCENT
Expenses,15.43,27.03,16.56,27.55,14.34,32.35,32.9,34.85,27.98,36.07,SHYAMCENT
Other Income,0.36,0.6,0.43,0.49,0.16,0.31,0.43,-10.05,0.86,1.52,SHYAMCENT
Depreciation,0.58,0.57,0.57,0.57,0.46,0.46,0.46,0.48,0.39,0.4,SHYAMCENT
Interest,0.12,0.07,0.09,0.13,0.08,0.3,0.28,0.14,0.14,0.04,SHYAMCENT
Profit before tax,-2.59,-2.32,-0.91,5.69,2.88,1.86,2.42,-5.79,10.85,16.62,SHYAMCENT
Tax,-0.8,-0.54,-0.24,1.49,0.52,0.47,0.64,-3.06,2.74,4.2,SHYAMCENT
Net profit,-1.79,-1.78,-0.66,4.2,2.36,1.39,1.78,-2.72,8.11,12.42,SHYAMCENT
Operating Profit,-2.25,-2.28,-0.68,5.9,3.26,2.31,2.73,4.88,10.52,15.54,SHYAMCENT
