Report Date,2019-06-30 00:00:00,2019-09-30 00:00:00,2019-12-31 00:00:00,2020-03-31 00:00:00,2020-06-30 00:00:00,2020-09-30 00:00:00,2020-12-31 00:00:00,2021-03-31 00:00:00,2021-06-30 00:00:00,2021-09-30 00:00:00,Company_Name
Sales,1328.62,1155.58,862.23,558.05,262.13,497.49,611.99,648.6,381.88,464.04,SIMPLEXINF
Expenses,1156.64,997.82,773.28,868.01,251.6,552.04,587.85,612.59,362.76,439.64,SIMPLEXINF
Other Income,18.76,15.33,21.62,6.79,6.22,8.58,6.83,27.71,11.2,5.8,SIMPLEXINF
Depreciation,35.49,34.82,33.41,33.36,32.05,31.58,30.96,29.79,28.05,26.58,SIMPLEXINF
Interest,119.82,124.55,123.18,145.73,135.97,149.82,155.51,193.53,159.48,198.56,SIMPLEXINF
Profit before tax,35.43,13.72,-46.02,-482.26,-151.27,-227.37,-155.5,-159.6,-157.21,-194.94,SIMPLEXINF
Tax,14.54,6.24,-14.77,-167.67,-52.78,-79.25,-54.2,-46.54,-54.17,-67.11,SIMPLEXINF
Net profit,20.89,7.48,-31.25,-314.59,-98.49,-148.12,-101.3,-113.06,-103.04,-127.83,SIMPLEXINF
Operating Profit,171.98,157.76,88.95,-309.96,10.53,-54.55,24.14,36.01,19.12,24.4,SIMPLEXINF
