Report Date,2019-06-30 00:00:00,2019-09-30 00:00:00,2019-12-31 00:00:00,2020-03-31 00:00:00,2020-06-30 00:00:00,2020-09-30 00:00:00,2020-12-31 00:00:00,2021-03-31 00:00:00,2021-06-30 00:00:00,2021-09-30 00:00:00,Company_Name
Sales,117.14,117.9,80.45,96.47,112.9,130.13,148.87,171.29,163.0,174.7,SMSPHARMA
Expenses,93.73,95.68,60.44,82.06,91.46,106.46,114.41,130.19,118.57,127.65,SMSPHARMA
Other Income,0.65,0.58,0.79,3.09,0.81,0.92,0.86,1.3,1.29,1.36,SMSPHARMA
Depreciation,5.3,5.39,5.38,6.0,5.49,5.61,5.64,5.54,8.0,8.09,SMSPHARMA
Interest,3.42,2.99,2.93,2.87,2.95,2.72,2.94,2.55,4.96,4.82,SMSPHARMA
Profit before tax,15.34,14.42,12.49,8.63,13.81,16.26,26.74,34.31,32.76,35.5,SMSPHARMA
Tax,5.86,4.87,5.0,2.38,4.61,5.03,8.42,12.1,9.57,10.23,SMSPHARMA
Net profit,9.48,9.55,7.5,6.25,9.2,11.23,18.32,22.21,23.2,25.27,SMSPHARMA
Operating Profit,23.41,22.22,20.01,14.41,21.44,23.67,34.46,41.1,44.43,47.05,SMSPHARMA
