Report Date,2019-06-30 00:00:00,2019-09-30 00:00:00,2019-12-31 00:00:00,2020-03-31 00:00:00,2020-06-30 00:00:00,2020-09-30 00:00:00,2020-12-31 00:00:00,2021-03-31 00:00:00,2021-06-30 00:00:00,2021-09-30 00:00:00,Company_Name
Sales,46.77,67.32,31.47,33.29,22.78,34.79,25.89,26.62,26.04,41.04,SPLIL
Expenses,40.44,55.23,26.0,30.43,19.42,28.79,22.29,23.83,22.56,36.27,SPLIL
Other Income,0.68,1.11,1.71,4.48,1.07,1.39,1.84,1.37,1.74,2.28,SPLIL
Depreciation,0.75,0.77,0.82,0.81,0.71,0.71,0.7,0.66,0.57,0.61,SPLIL
Interest,0.35,0.4,0.35,0.22,0.13,0.17,0.22,0.19,0.17,0.15,SPLIL
Profit before tax,5.91,12.03,6.01,6.31,3.59,6.51,4.52,3.31,4.48,6.29,SPLIL
Tax,,,,-1.0,0.95,1.72,1.08,0.63,1.31,1.14,SPLIL
Net profit,5.91,12.03,6.02,7.32,2.65,4.79,3.43,2.68,3.16,5.15,SPLIL
Operating Profit,6.33,12.09,5.47,2.86,3.36,6.0,3.6,2.79,3.48,4.77,SPLIL
