Report Date,2019-06-30 00:00:00,2019-09-30 00:00:00,2019-12-31 00:00:00,2020-03-31 00:00:00,2020-06-30 00:00:00,2020-09-30 00:00:00,2020-12-31 00:00:00,2021-03-31 00:00:00,2021-06-30 00:00:00,2021-09-30 00:00:00,Company_Name
Sales,112.7,117.41,126.83,105.07,70.31,114.98,124.05,166.5,130.84,171.95,STYLAMIND
Expenses,95.77,97.39,104.38,86.51,55.74,90.51,98.57,135.66,104.62,147.47,STYLAMIND
Other Income,0.14,0.25,0.13,-14.72,-0.13,0.54,0.09,4.32,0.35,4.21,STYLAMIND
Depreciation,4.1,4.16,6.7,6.03,5.34,5.51,6.79,5.51,5.69,5.94,STYLAMIND
Interest,2.68,2.24,3.55,2.56,1.78,1.58,1.37,1.29,1.77,1.91,STYLAMIND
Profit before tax,10.29,13.87,12.33,-4.75,7.32,17.92,17.41,28.36,19.11,20.84,STYLAMIND
Tax,3.77,3.05,3.04,4.45,1.89,3.98,4.88,4.92,5.23,5.8,STYLAMIND
Net profit,6.53,10.82,9.3,-9.2,5.42,13.94,12.53,23.44,13.89,15.05,STYLAMIND
Operating Profit,16.93,20.02,22.45,18.56,14.57,24.47,25.48,30.84,26.22,24.48,STYLAMIND
