Report Date,2019-06-30 00:00:00,2019-09-30 00:00:00,2019-12-31 00:00:00,2020-03-31 00:00:00,2020-06-30 00:00:00,2020-09-30 00:00:00,2020-12-31 00:00:00,2021-03-31 00:00:00,2021-06-30 00:00:00,2021-09-30 00:00:00,Company_Name
Sales,15.07,21.34,19.91,36.16,8.84,9.77,4.85,14.23,10.0,27.47,SUNDARMHLD
Expenses,6.8,7.34,7.34,6.77,6.06,5.98,4.57,4.62,4.01,15.88,SUNDARMHLD
Other Income,0.46,0.48,0.46,0.47,0.46,0.6,0.52,0.49,0.5,0.49,SUNDARMHLD
Depreciation,0.16,0.17,0.17,0.21,0.19,0.19,0.19,0.18,0.17,0.15,SUNDARMHLD
Interest,0.05,0.14,0.04,0.04,0.04,0.04,0.03,0.03,0.02,0.02,SUNDARMHLD
Profit before tax,8.52,14.17,12.82,29.61,3.01,4.16,0.58,9.89,6.3,11.91,SUNDARMHLD
Tax,-0.29,1.39,0.92,1.72,0.16,0.37,0.11,2.45,1.17,0.82,SUNDARMHLD
Net profit,8.81,12.79,11.9,27.9,2.85,3.78,0.48,7.44,5.13,11.09,SUNDARMHLD
Operating Profit,8.27,14.0,12.57,29.39,2.78,3.79,0.28,9.61,5.99,11.59,SUNDARMHLD
