Report Date,2019-06-30 00:00:00,2019-09-30 00:00:00,2019-12-31 00:00:00,2020-03-31 00:00:00,2020-06-30 00:00:00,2020-09-30 00:00:00,2020-12-31 00:00:00,2021-03-31 00:00:00,2021-06-30 00:00:00,2021-09-30 00:00:00,Company_Name
Sales,63.12,62.76,66.54,50.39,18.19,108.91,116.91,64.8,47.44,48.76,SUNTECK
Expenses,34.51,34.47,37.56,53.34,14.9,85.94,82.48,54.82,37.86,35.87,SUNTECK
Other Income,6.64,9.06,20.58,2.81,4.02,18.68,2.37,-1.77,2.4,3.85,SUNTECK
Depreciation,0.56,0.62,0.56,0.74,0.73,0.79,0.73,0.84,0.79,0.93,SUNTECK
Interest,6.94,10.36,10.98,12.03,10.43,11.99,12.83,11.12,10.03,10.74,SUNTECK
Profit before tax,27.75,26.37,38.02,-12.91,-3.85,28.87,23.24,-3.75,1.16,5.07,SUNTECK
Tax,2.52,-2.62,-2.92,-3.91,0.77,0.09,6.28,-0.35,-0.13,0.42,SUNTECK
Net profit,25.23,28.99,40.94,-9.0,-4.62,28.79,16.96,-3.41,1.3,4.65,SUNTECK
Operating Profit,28.61,28.29,28.98,-2.95,3.29,22.97,34.43,9.98,9.58,12.89,SUNTECK
