Report Date,2019-06-30 00:00:00,2019-09-30 00:00:00,2019-12-31 00:00:00,2020-03-31 00:00:00,2020-06-30 00:00:00,2020-09-30 00:00:00,2020-12-31 00:00:00,2021-03-31 00:00:00,2021-06-30 00:00:00,2021-09-30 00:00:00,Company_Name
Sales,648.64,629.04,572.83,528.92,188.02,460.32,541.76,670.98,577.77,778.86,SUTLEJTEX
Expenses,605.1,571.24,513.42,511.47,213.08,440.25,495.66,597.16,502.73,681.37,SUTLEJTEX
Other Income,7.27,5.17,4.38,4.11,5.49,7.67,7.2,10.75,3.77,7.62,SUTLEJTEX
Depreciation,24.64,24.37,24.88,25.64,20.26,21.14,25.61,27.06,29.66,30.19,SUTLEJTEX
Interest,13.06,11.08,9.86,10.94,11.72,8.26,7.11,9.74,11.89,11.4,SUTLEJTEX
Profit before tax,13.11,27.52,29.05,-15.02,-51.55,-1.66,20.58,47.77,37.26,63.52,SUTLEJTEX
Tax,4.55,9.33,9.5,-4.84,-17.12,-0.55,6.66,16.64,13.24,22.89,SUTLEJTEX
Net profit,8.56,18.19,19.55,-10.18,-34.43,-1.11,13.92,31.13,24.02,40.63,SUTLEJTEX
Operating Profit,43.54,57.8,59.41,17.45,-25.06,20.07,46.1,73.82,75.04,97.49,SUTLEJTEX
