Report Date,2015-06-30 00:00:00,2019-09-30 00:00:00,2019-12-31 00:00:00,2020-03-31 00:00:00,2020-06-30 00:00:00,2020-09-30 00:00:00,2020-12-31 00:00:00,2021-03-31 00:00:00,2021-06-30 00:00:00,2021-09-30 00:00:00,Company_Name
Sales,,74.66,24.26,76.26,106.7,227.11,917.44,1197.49,2866.26,1435.88,SUULD
Expenses,,71.56,17.9,79.34,110.19,185.99,746.44,980.53,2698.51,1185.61,SUULD
Other Income,,,0.01,,,0.69,0.08,0.37,1.24,0.86,SUULD
Depreciation,,0.04,0.1,0.18,0.07,0.15,0.29,0.44,0.46,1.41,SUULD
Interest,,0.12,0.03,0.14,0.13,0.71,1.03,7.63,1.65,1.99,SUULD
Profit before tax,,2.94,6.24,-3.4,-3.69,40.95,169.76,209.26,166.88,247.73,SUULD
Tax,,0.8,,0.83,,10.93,52.82,-5.22,26.65,55.79,SUULD
Net profit,,2.14,6.24,-4.23,-3.69,30.02,116.94,214.48,140.23,191.94,SUULD
Operating Profit,,3.1,6.36,-3.08,-3.49,41.12,171.0,216.96,167.75,250.27,SUULD
