Report Date,2019-06-30 00:00:00,2019-09-30 00:00:00,2019-12-31 00:00:00,2020-03-31 00:00:00,2020-06-30 00:00:00,2020-09-30 00:00:00,2020-12-31 00:00:00,2021-03-31 00:00:00,2021-06-30 00:00:00,2021-09-30 00:00:00,Company_Name
Sales,13351.91,10000.48,10842.91,9732.87,2686.87,5594.6,14630.6,20045.9,6576.61,10996.02,TATAMOTORS
Expenses,12576.31,10444.99,10882.38,10675.67,3549.89,5919.33,13775.63,18682.23,7014.84,10856.07,TATAMOTORS
Other Income,393.27,433.09,347.62,-2301.85,85.45,83.91,148.35,1805.62,99.66,168.14,TATAMOTORS
Depreciation,777.05,760.65,853.46,984.13,859.89,423.16,947.64,964.16,417.88,432.68,TATAMOTORS
Interest,439.49,497.92,478.54,557.05,552.8,567.35,656.22,514.85,563.49,530.94,TATAMOTORS
Profit before tax,-47.67,-1269.99,-1023.85,-4785.83,-2190.26,-1231.33,-600.54,1690.28,-1319.94,-655.53,TATAMOTORS
Tax,49.43,11.98,15.66,85.22,0.38,-18.88,37.5,44.59,0.8,3.8,TATAMOTORS
Net profit,-97.1,-1281.97,-1039.51,-4871.05,-2190.64,-1212.45,-638.04,1645.69,-1320.74,-659.33,TATAMOTORS
Operating Profit,775.6,-444.51,-39.47,-942.8,-863.02,-324.73,854.97,1363.67,-438.23,139.95,TATAMOTORS
