Report Date,2019-06-30 00:00:00,2019-09-30 00:00:00,2019-12-31 00:00:00,2020-03-31 00:00:00,2020-06-30 00:00:00,2020-09-30 00:00:00,2020-12-31 00:00:00,2021-03-31 00:00:00,2021-06-30 00:00:00,2021-09-30 00:00:00,Company_Name
Sales,612.11,628.23,647.34,625.68,327.99,612.2,715.19,796.64,610.78,736.5,TCI
Expenses,555.9,571.66,584.64,567.7,300.14,553.19,639.76,711.08,539.7,637.66,TCI
Other Income,7.53,-1.53,5.75,6.66,8.9,7.08,-1.79,7.01,10.68,5.58,TCI
Depreciation,18.61,18.98,20.4,19.66,19.52,19.79,22.02,26.77,23.35,24.19,TCI
Interest,8.24,7.7,8.43,7.98,6.96,6.37,5.82,5.6,4.08,2.77,TCI
Profit before tax,36.89,28.36,39.62,37.0,10.27,39.93,45.8,60.2,54.33,77.46,TCI
Tax,7.15,-4.91,7.49,5.72,0.41,7.93,5.75,7.34,5.94,9.11,TCI
Net profit,29.74,33.27,32.13,31.28,9.86,32.0,40.05,52.86,48.39,68.35,TCI
Operating Profit,56.21,56.57,62.7,57.98,27.85,59.01,75.43,85.56,71.08,98.84,TCI
