Report Date,2019-06-30 00:00:00,2019-09-30 00:00:00,2019-12-31 00:00:00,2020-03-31 00:00:00,2020-06-30 00:00:00,2020-09-30 00:00:00,2020-12-31 00:00:00,2021-03-31 00:00:00,2021-06-30 00:00:00,2021-09-30 00:00:00,Company_Name
Sales,279.63,320.85,328.99,219.21,32.42,144.14,237.9,221.09,93.82,239.29,TCNSBRANDS
Expenses,221.5,255.78,261.13,224.01,75.11,160.4,199.45,198.16,117.2,209.07,TCNSBRANDS
Other Income,2.23,2.65,7.16,9.11,16.59,9.37,4.93,18.11,2.97,14.87,TCNSBRANDS
Depreciation,23.22,23.82,24.84,31.28,25.19,22.36,19.42,24.94,20.64,22.1,TCNSBRANDS
Interest,9.23,9.56,9.89,9.51,9.14,8.86,7.04,11.42,7.98,8.88,TCNSBRANDS
Profit before tax,27.91,34.34,40.29,-36.48,-60.43,-38.11,16.92,4.68,-49.03,14.11,TCNSBRANDS
Tax,7.44,16.66,-14.74,-12.7,-15.11,-10.53,4.26,0.82,-12.96,3.04,TCNSBRANDS
Net profit,20.47,17.69,55.03,-23.77,-45.33,-27.59,12.66,3.87,-36.06,11.07,TCNSBRANDS
Operating Profit,58.13,65.07,67.86,-4.8,-42.69,-16.26,38.45,22.93,-23.38,30.22,TCNSBRANDS
