Report Date,2019-06-30 00:00:00,2019-09-30 00:00:00,2019-12-31 00:00:00,2020-03-31 00:00:00,2020-06-30 00:00:00,2020-09-30 00:00:00,2020-12-31 00:00:00,2021-03-31 00:00:00,2021-06-30 00:00:00,2021-09-30 00:00:00,Company_Name
Sales,160.56,85.76,85.32,54.56,78.73,109.89,134.71,201.16,144.07,172.53,TEJASNET
Expenses,136.48,78.33,85.12,172.97,78.24,100.64,121.11,171.34,126.56,154.34,TEJASNET
Other Income,7.05,6.89,6.18,13.59,4.32,8.09,8.55,3.85,8.38,4.09,TEJASNET
Depreciation,17.59,18.24,20.33,20.89,13.78,11.84,12.06,14.44,16.39,18.28,TEJASNET
Interest,3.41,2.47,0.66,1.03,0.91,0.99,0.85,0.83,1.23,0.85,TEJASNET
Profit before tax,10.13,-6.39,-14.61,-126.74,-9.88,4.51,9.24,18.4,8.27,3.15,TEJASNET
Tax,4.36,-3.09,97.28,,,,,-15.02,0.79,-0.33,TEJASNET
Net profit,5.77,-3.3,-111.89,-126.74,-9.88,4.51,9.24,33.42,7.48,3.48,TEJASNET
Operating Profit,24.08,7.43,0.2,-118.41,0.49,9.25,13.6,29.82,17.51,18.19,TEJASNET
