Report Date,2019-06-30 00:00:00,2019-09-30 00:00:00,2019-12-31 00:00:00,2020-03-31 00:00:00,2020-06-30 00:00:00,2020-09-30 00:00:00,2020-12-31 00:00:00,2021-03-31 00:00:00,2021-06-30 00:00:00,2021-09-30 00:00:00,Company_Name
Sales,51.33,50.32,53.78,46.15,48.49,54.89,65.52,61.77,112.5,107.39,THEMISMED
Expenses,43.82,44.89,44.43,32.75,36.2,45.17,50.26,49.16,72.02,83.93,THEMISMED
Other Income,0.1,0.08,2.91,0.38,0.36,2.13,0.25,0.88,0.35,0.21,THEMISMED
Depreciation,2.07,2.06,2.07,2.07,2.04,2.04,2.09,2.38,2.35,2.38,THEMISMED
Interest,3.21,3.3,2.96,3.41,2.99,3.71,2.92,3.09,2.67,2.05,THEMISMED
Profit before tax,2.33,0.15,7.23,8.3,7.62,6.1,10.5,8.02,35.81,19.24,THEMISMED
Tax,-0.2,-0.49,-0.31,3.1,1.98,0.42,2.02,1.2,9.07,4.13,THEMISMED
Net profit,2.53,0.63,7.54,5.2,5.64,5.68,8.48,6.82,26.73,15.12,THEMISMED
Operating Profit,7.51,5.43,9.35,13.4,12.29,9.72,15.26,12.61,40.48,23.46,THEMISMED
