Report Date,2019-06-30 00:00:00,2019-09-30 00:00:00,2019-12-31 00:00:00,2020-03-31 00:00:00,2020-06-30 00:00:00,2020-09-30 00:00:00,2020-12-31 00:00:00,2021-03-31 00:00:00,2021-06-30 00:00:00,2021-09-30 00:00:00,Company_Name
Sales,787.75,838.3,849.63,739.4,428.54,714.72,903.25,1084.97,709.65,1007.38,THERMAX
Expenses,754.88,774.8,779.82,692.1,439.01,666.79,807.22,1000.35,675.51,939.55,THERMAX
Other Income,43.44,51.46,24.55,22.66,23.81,13.75,-62.2,62.01,22.76,30.92,THERMAX
Depreciation,14.11,15.74,16.13,16.63,15.19,15.48,16.67,16.65,16.25,16.08,THERMAX
Interest,0.76,0.78,1.66,2.03,1.76,1.86,2.24,2.71,2.12,2.39,THERMAX
Profit before tax,61.44,98.44,76.57,51.3,-3.61,44.34,14.92,127.27,38.53,80.28,THERMAX
Tax,11.53,33.55,18.53,10.15,-1.69,10.73,18.33,14.53,8.01,20.38,THERMAX
Net profit,49.91,64.89,58.04,41.15,-1.92,33.61,-3.41,112.74,30.52,59.9,THERMAX
Operating Profit,32.87,63.5,69.81,47.3,-10.47,47.93,96.03,84.62,34.14,67.83,THERMAX
