Report Date,2019-06-30 00:00:00,2019-09-30 00:00:00,2019-12-31 00:00:00,2020-03-31 00:00:00,2020-06-30 00:00:00,2020-09-30 00:00:00,2020-12-31 00:00:00,2021-03-31 00:00:00,2021-06-30 00:00:00,2021-09-30 00:00:00,Company_Name
Sales,931.21,537.63,412.11,239.65,43.22,41.67,38.69,63.56,44.31,49.65,THOMASCOOK
Expenses,870.78,535.99,412.84,292.19,65.63,67.25,78.84,113.22,101.45,95.29,THOMASCOOK
Other Income,16.06,15.82,24.66,-13.63,31.78,36.43,31.57,31.72,32.8,31.0,THOMASCOOK
Depreciation,6.88,7.61,8.05,8.21,7.84,7.43,7.07,6.48,6.04,5.9,THOMASCOOK
Interest,11.92,9.6,9.16,9.12,4.25,7.21,4.43,5.36,3.52,4.38,THOMASCOOK
Profit before tax,57.69,0.25,6.72,-83.5,-2.72,-3.79,-20.08,-29.78,-33.9,-24.92,THOMASCOOK
Tax,21.09,-0.83,0.05,-17.22,-8.03,-3.74,-13.35,-16.74,-17.63,-13.51,THOMASCOOK
Net profit,36.6,1.07,6.67,-66.28,5.32,-0.05,-6.74,-13.03,-16.27,-11.41,THOMASCOOK
Operating Profit,60.43,1.64,-0.73,-52.54,-22.41,-25.58,-40.15,-49.66,-57.14,-45.64,THOMASCOOK
