Report Date,2019-06-30 00:00:00,2019-09-30 00:00:00,2019-12-31 00:00:00,2020-03-31 00:00:00,2020-06-30 00:00:00,2020-09-30 00:00:00,2020-12-31 00:00:00,2021-03-31 00:00:00,2021-06-30 00:00:00,2021-09-30 00:00:00,Company_Name
Sales,100.5,107.89,97.99,93.62,54.4,148.54,132.17,139.16,159.26,168.74,THYROCARE
Expenses,56.48,57.17,55.38,64.24,44.89,86.86,83.31,88.48,88.58,81.5,THYROCARE
Other Income,3.35,3.36,1.3,-41.86,1.49,5.36,2.96,2.48,2.67,1.95,THYROCARE
Depreciation,4.09,5.18,4.75,5.52,4.48,5.24,5.61,5.74,5.8,6.71,THYROCARE
Interest,0.32,0.47,0.26,0.27,0.2,0.22,0.24,0.01,0.63,0.61,THYROCARE
Profit before tax,42.96,48.43,38.9,-18.27,6.32,61.58,45.97,47.41,66.92,81.87,THYROCARE
Tax,12.86,11.0,8.99,-0.18,1.9,15.81,11.73,12.07,18.54,21.31,THYROCARE
Net profit,30.1,37.43,29.91,-18.09,4.42,45.77,34.24,35.34,48.38,60.56,THYROCARE
Operating Profit,44.02,50.72,42.61,29.38,9.51,61.68,48.86,50.68,70.68,87.24,THYROCARE
