Report Date,2019-06-30 00:00:00,2019-09-30 00:00:00,2019-12-31 00:00:00,2020-03-31 00:00:00,2020-06-30 00:00:00,2020-09-30 00:00:00,2020-12-31 00:00:00,2021-03-31 00:00:00,2021-06-30 00:00:00,2021-09-30 00:00:00,Company_Name
Sales,107.27,108.52,81.89,78.01,44.25,83.63,114.92,69.6,10.25,16.64,TIL
Expenses,95.33,96.53,70.02,113.61,51.87,84.38,101.39,105.06,52.0,41.14,TIL
Other Income,0.76,0.76,,0.01,0.21,5.31,,1.11,19.03,0.62,TIL
Depreciation,3.07,3.56,3.33,3.26,2.92,3.05,2.97,2.93,2.5,2.49,TIL
Interest,7.17,7.67,7.66,9.13,9.19,8.2,8.39,8.66,9.59,9.17,TIL
Profit before tax,2.46,1.52,0.88,-47.98,-19.52,-6.69,2.17,-45.94,-34.81,-35.54,TIL
Tax,-0.31,0.02,-0.24,-14.62,-0.32,9.87,-0.14,-12.37,1.67,-3.44,TIL
Net profit,2.77,1.5,1.12,-33.36,-19.2,-16.56,2.31,-33.57,-36.48,-32.1,TIL
Operating Profit,11.94,11.99,11.87,-35.6,-7.62,-0.75,13.53,-35.46,-41.75,-24.5,TIL
