Report Date,2019-06-30 00:00:00,2019-09-30 00:00:00,2019-12-31 00:00:00,2020-03-31 00:00:00,2020-06-30 00:00:00,2020-09-30 00:00:00,2020-12-31 00:00:00,2021-03-31 00:00:00,2021-06-30 00:00:00,2021-09-30 00:00:00,Company_Name
Sales,1603.0,1603.0,1471.0,1491.0,1727.0,1640.0,1616.0,1468.0,1695.0,1799.0,TORNTPHARM
Expenses,1091.0,1071.0,1023.0,1066.0,1117.0,1054.0,1046.0,1037.0,1117.0,1182.0,TORNTPHARM
Other Income,31.0,123.0,62.0,21.0,7.0,9.0,11.0,91.0,50.0,54.0,TORNTPHARM
Depreciation,149.0,151.0,152.0,155.0,150.0,153.0,155.0,152.0,150.0,153.0,TORNTPHARM
Interest,117.0,111.0,106.0,96.0,97.0,86.0,87.0,69.0,66.0,64.0,TORNTPHARM
Profit before tax,277.0,393.0,252.0,195.0,370.0,356.0,339.0,301.0,412.0,454.0,TORNTPHARM
Tax,54.0,65.0,32.0,27.0,72.0,73.0,61.0,22.0,138.0,128.0,TORNTPHARM
Net profit,223.0,328.0,220.0,168.0,298.0,283.0,278.0,279.0,274.0,326.0,TORNTPHARM
Operating Profit,512.0,532.0,448.0,425.0,610.0,586.0,570.0,431.0,578.0,617.0,TORNTPHARM
