Report Date,2019-06-30 00:00:00,2019-09-30 00:00:00,2019-12-31 00:00:00,2020-03-31 00:00:00,2020-06-30 00:00:00,2020-09-30 00:00:00,2020-12-31 00:00:00,2021-03-31 00:00:00,2021-06-30 00:00:00,2021-09-30 00:00:00,Company_Name
Sales,51.7,53.26,55.25,48.91,24.86,42.41,47.29,52.51,49.86,58.12,TPLPLASTEH
Expenses,44.7,47.73,48.94,44.01,22.21,37.5,41.46,45.82,43.46,51.28,TPLPLASTEH
Other Income,0.01,0.14,,0.01,,,,,0.02,0.02,TPLPLASTEH
Depreciation,0.89,0.86,0.88,0.9,0.91,0.88,0.9,0.91,1.08,0.98,TPLPLASTEH
Interest,1.48,1.4,1.37,1.36,1.34,1.43,1.32,1.26,1.17,1.11,TPLPLASTEH
Profit before tax,4.64,3.41,4.06,2.65,0.4,2.6,3.61,4.52,4.17,4.77,TPLPLASTEH
Tax,1.27,1.02,1.2,0.63,0.11,0.73,1.01,1.27,1.12,1.14,TPLPLASTEH
Net profit,3.36,2.39,2.85,2.02,0.29,1.88,2.6,3.26,3.05,3.64,TPLPLASTEH
Operating Profit,7.0,5.53,6.31,4.9,2.65,4.91,5.83,6.69,6.4,6.84,TPLPLASTEH
