Report Date,2019-06-30 00:00:00,2019-09-30 00:00:00,2019-12-31 00:00:00,2020-03-31 00:00:00,2020-06-30 00:00:00,2020-09-30 00:00:00,2020-12-31 00:00:00,2021-03-31 00:00:00,2021-06-30 00:00:00,2021-09-30 00:00:00,Company_Name
Sales,167.29,149.11,204.92,161.74,115.17,171.79,163.94,275.96,213.19,258.03,TRIL
Expenses,164.0,135.58,190.42,146.92,105.6,152.99,147.67,257.09,198.08,241.07,TRIL
Other Income,12.92,1.29,1.26,1.49,1.22,1.02,0.76,6.82,2.86,1.45,TRIL
Depreciation,4.54,4.55,4.45,4.39,4.42,4.47,4.41,4.37,4.08,3.89,TRIL
Interest,10.44,9.4,10.09,14.53,10.35,10.92,11.39,12.26,9.92,9.82,TRIL
Profit before tax,1.23,0.87,1.22,-2.61,-3.98,4.43,1.23,9.06,3.97,4.7,TRIL
Tax,0.42,0.26,0.47,-0.98,-1.55,1.7,0.8,2.84,1.39,1.81,TRIL
Net profit,0.81,0.61,0.75,-1.63,-2.43,2.73,0.43,6.22,2.58,2.89,TRIL
Operating Profit,3.29,13.53,14.5,14.82,9.57,18.8,16.27,18.87,15.11,16.96,TRIL
