Report Date,2019-06-30 00:00:00,2019-09-30 00:00:00,2019-12-31 00:00:00,2020-03-31 00:00:00,2020-06-30 00:00:00,2020-09-30 00:00:00,2020-12-31 00:00:00,2021-03-31 00:00:00,2021-06-30 00:00:00,2021-09-30 00:00:00,Company_Name
Sales,178.59,164.85,165.81,136.52,116.4,159.67,179.19,181.28,170.79,206.36,TTKHLTCARE
Expenses,170.14,156.43,157.1,133.79,117.08,150.63,167.38,166.56,161.98,190.58,TTKHLTCARE
Other Income,1.86,1.95,2.22,2.74,1.92,10.25,2.53,3.39,3.66,5.53,TTKHLTCARE
Depreciation,3.54,3.58,3.66,3.6,3.53,3.43,3.37,3.38,3.35,3.26,TTKHLTCARE
Interest,0.68,0.75,0.91,0.93,0.63,0.58,0.35,0.66,0.63,0.55,TTKHLTCARE
Profit before tax,6.09,6.04,6.36,0.94,-2.92,15.28,10.62,14.07,8.49,17.5,TTKHLTCARE
Tax,2.45,2.26,1.88,0.52,-0.52,-15.53,2.94,3.72,2.5,4.69,TTKHLTCARE
Net profit,3.64,3.78,4.48,0.42,-2.4,30.81,7.69,10.35,6.0,12.81,TTKHLTCARE
Operating Profit,8.45,8.42,8.71,2.73,-0.68,9.04,11.81,14.72,8.81,15.78,TTKHLTCARE
