Report Date,2019-06-30 00:00:00,2019-09-30 00:00:00,2019-12-31 00:00:00,2020-03-31 00:00:00,2020-06-30 00:00:00,2020-09-30 00:00:00,2020-12-31 00:00:00,2021-03-31 00:00:00,2021-06-30 00:00:00,2021-09-30 00:00:00,Company_Name
Sales,1050.94,1025.77,1032.94,960.06,988.54,1203.35,1199.92,1243.26,1265.05,1313.83,UFLEX
Expenses,922.5,902.01,896.45,814.98,825.79,1007.51,995.26,1060.83,1101.92,1186.95,UFLEX
Other Income,4.13,3.75,70.2,4.57,3.55,6.05,5.24,5.5,3.85,4.48,UFLEX
Depreciation,65.13,64.58,65.22,66.43,64.33,65.82,65.93,63.57,62.51,62.6,UFLEX
Interest,44.69,42.97,43.45,41.78,38.6,40.91,37.23,35.54,34.75,36.91,UFLEX
Profit before tax,22.75,19.96,98.02,41.44,63.37,95.16,106.74,88.82,69.72,31.85,UFLEX
Tax,8.76,5.11,10.81,14.22,22.25,34.33,35.56,31.51,12.64,2.95,UFLEX
Net profit,13.99,14.85,87.21,27.22,41.12,60.83,71.18,57.31,57.08,28.9,UFLEX
Operating Profit,128.44,123.76,136.49,145.08,162.75,195.84,204.66,182.43,163.13,126.88,UFLEX
