Report Date,2019-06-30 00:00:00,2019-09-30 00:00:00,2019-12-31 00:00:00,2020-03-31 00:00:00,2020-06-30 00:00:00,2020-09-30 00:00:00,2020-12-31 00:00:00,2021-03-31 00:00:00,2021-06-30 00:00:00,2021-09-30 00:00:00,Company_Name
Sales,218.83,165.85,259.65,226.05,209.03,191.35,235.33,319.8,222.45,252.73,UGARSUGAR
Expenses,243.23,162.65,223.94,172.59,208.19,194.18,189.48,295.88,223.22,245.85,UGARSUGAR
Other Income,0.45,0.39,0.95,1.02,0.3,0.64,1.14,3.76,0.39,0.28,UGARSUGAR
Depreciation,3.46,3.46,3.5,3.31,3.07,3.09,3.11,3.16,2.81,2.86,UGARSUGAR
Interest,11.39,14.69,6.48,10.57,11.25,9.22,9.65,12.49,12.63,10.55,UGARSUGAR
Profit before tax,-38.8,-14.56,26.68,40.6,-13.18,-14.5,34.23,12.03,-15.82,-6.25,UGARSUGAR
Tax,-2.43,0.67,1.19,0.7,-0.88,-0.62,1.36,1.69,1.06,-0.43,UGARSUGAR
Net profit,-36.37,-15.24,25.48,39.9,-12.3,-13.87,32.87,10.35,-16.88,-5.81,UGARSUGAR
Operating Profit,-24.4,3.2,35.71,53.46,0.84,-2.83,45.85,23.92,-0.77,6.88,UGARSUGAR
