Report Date,2019-06-30 00:00:00,2019-09-30 00:00:00,2019-12-31 00:00:00,2020-03-31 00:00:00,2020-06-30 00:00:00,2020-09-30 00:00:00,2020-12-31 00:00:00,2021-03-31 00:00:00,2021-06-30 00:00:00,2021-09-30 00:00:00,Company_Name
Sales,605.37,654.33,706.42,737.49,746.28,753.61,688.32,617.85,641.66,645.04,UJJIVANSFB
Expenses,310.13,346.4,387.94,445.08,412.36,400.28,912.38,301.53,769.7,804.11,UJJIVANSFB
Other Income,100.13,75.03,74.89,72.16,28.7,61.79,100.43,117.29,73.01,46.89,UJJIVANSFB
Depreciation,,,,,,,,,,,UJJIVANSFB
Interest,252.92,266.36,279.89,270.85,288.27,283.47,256.04,249.73,257.26,253.68,UJJIVANSFB
Profit before tax,142.45,116.6,113.48,93.72,74.35,131.65,-379.67,183.88,-312.29,-365.86,UJJIVANSFB
Tax,47.97,23.97,23.82,20.57,19.7,35.65,-100.84,47.39,-78.81,-92.07,UJJIVANSFB
Net profit,94.48,92.63,89.66,73.15,54.65,96.0,-278.83,136.49,-233.48,-273.79,UJJIVANSFB
Operating Profit,295.24,307.93,318.48,292.41,333.92,353.33,-224.06,316.32,-128.04,-159.07,UJJIVANSFB
