Report Date,2019-06-30 00:00:00,2019-09-30 00:00:00,2019-12-31 00:00:00,2020-03-31 00:00:00,2020-06-30 00:00:00,2020-09-30 00:00:00,2020-12-31 00:00:00,2021-03-31 00:00:00,2021-06-30 00:00:00,2021-09-30 00:00:00,Company_Name
Sales,11022.14,9269.98,9979.43,10360.31,7373.63,10018.58,11830.62,13965.51,11476.96,11548.37,ULTRACEMCO
Expenses,8230.7,7457.41,8193.4,8098.05,5418.46,7465.86,8886.13,10453.07,8304.94,8948.37,ULTRACEMCO
Other Income,156.62,182.04,164.01,223.91,138.74,139.83,261.63,84.48,216.38,141.8,ULTRACEMCO
Depreciation,625.98,606.29,613.67,608.96,588.65,612.66,602.19,630.85,597.72,612.73,ULTRACEMCO
Interest,432.09,437.19,402.56,432.38,333.43,301.94,300.65,323.06,275.89,182.75,ULTRACEMCO
Profit before tax,1889.99,951.13,933.81,1444.83,1171.83,1777.95,2303.28,2643.01,2514.79,1946.32,ULTRACEMCO
Tax,623.11,311.94,290.66,-1461.49,366.26,569.28,753.0,865.46,833.73,646.23,ULTRACEMCO
Net profit,1266.88,639.19,643.15,2906.32,805.57,1208.67,1550.28,1777.55,1681.06,1300.09,ULTRACEMCO
Operating Profit,2791.44,1812.57,1786.03,2262.26,1955.17,2552.72,2944.49,3512.44,3172.02,2600.0,ULTRACEMCO
