Report Date,2019-06-30 00:00:00,2019-09-30 00:00:00,2019-12-31 00:00:00,2020-03-31 00:00:00,2020-06-30 00:00:00,2020-09-30 00:00:00,2020-12-31 00:00:00,2021-03-31 00:00:00,2021-06-30 00:00:00,2021-09-30 00:00:00,Company_Name
Sales,232.52,225.1,231.2,215.63,240.77,310.93,311.18,261.09,200.8,216.97,UNICHEMLAB
Expenses,250.63,260.92,256.9,226.6,248.57,267.09,279.53,233.3,229.5,227.42,UNICHEMLAB
Other Income,27.98,29.05,23.01,19.13,18.73,10.41,13.32,4.91,12.56,5.34,UNICHEMLAB
Depreciation,16.86,17.86,17.26,19.11,18.31,18.93,18.75,19.9,20.11,20.45,UNICHEMLAB
Interest,0.05,0.23,0.42,0.59,0.16,0.16,0.61,0.37,0.14,1.03,UNICHEMLAB
Profit before tax,-7.04,-24.86,-20.37,-11.54,-7.54,35.16,25.61,12.43,-36.39,-26.59,UNICHEMLAB
Tax,-7.5,,,,,4.82,-4.82,11.56,-8.55,-5.16,UNICHEMLAB
Net profit,0.46,-24.86,-20.37,-11.54,-7.55,30.34,30.43,0.86,-27.83,-21.43,UNICHEMLAB
Operating Profit,-18.11,-35.82,-25.7,-10.97,-7.8,43.84,31.65,27.79,-28.7,-10.45,UNICHEMLAB
