Report Date,2019-06-30 00:00:00,2019-09-30 00:00:00,2019-12-31 00:00:00,2020-03-31 00:00:00,2020-06-30 00:00:00,2020-09-30 00:00:00,2020-12-31 00:00:00,2021-03-31 00:00:00,2021-06-30 00:00:00,2021-09-30 00:00:00,Company_Name
Sales,360.81,364.62,360.75,306.44,227.92,312.36,364.8,440.52,402.66,421.23,USHAMART
Expenses,315.2,324.97,317.87,288.95,203.94,268.86,315.72,374.97,346.8,364.13,USHAMART
Other Income,510.8,9.53,7.92,8.11,6.68,5.03,2.42,4.84,8.32,12.88,USHAMART
Depreciation,6.8,6.88,6.9,7.19,7.52,7.64,7.96,7.52,7.89,7.96,USHAMART
Interest,19.81,13.06,12.5,12.7,12.06,11.2,10.41,10.85,8.9,9.27,USHAMART
Profit before tax,529.8,29.24,31.4,5.71,11.08,29.69,33.13,52.02,47.39,52.75,USHAMART
Tax,158.68,12.67,21.01,8.39,2.86,7.85,8.78,5.91,12.87,10.7,USHAMART
Net profit,371.12,16.57,10.39,-2.68,8.22,21.84,24.35,46.11,34.52,42.05,USHAMART
Operating Profit,45.61,39.65,42.88,17.49,23.98,43.5,49.08,65.55,55.86,57.1,USHAMART
