Report Date,2019-06-30 00:00:00,2019-09-30 00:00:00,2019-12-31 00:00:00,2020-03-31 00:00:00,2020-06-30 00:00:00,2020-09-30 00:00:00,2020-12-31 00:00:00,2021-03-31 00:00:00,2021-06-30 00:00:00,2021-09-30 00:00:00,Company_Name
Sales,240.21,122.84,75.96,77.62,50.58,97.38,67.8,140.78,131.42,146.64,VADILALIND
Expenses,179.55,107.79,78.61,91.1,62.89,103.5,72.8,122.7,119.48,139.57,VADILALIND
Other Income,2.38,2.46,1.43,2.16,1.67,4.87,4.14,1.34,0.55,3.12,VADILALIND
Depreciation,4.87,4.65,4.58,4.78,4.51,4.51,4.56,4.71,5.14,4.81,VADILALIND
Interest,3.73,2.8,3.16,5.05,5.29,4.99,4.74,5.07,4.4,4.26,VADILALIND
Profit before tax,54.44,10.06,-8.96,-21.15,-20.44,-10.75,-10.16,9.64,2.95,1.12,VADILALIND
Tax,18.95,-9.09,-2.23,-5.39,-5.1,-2.7,-2.54,2.73,0.68,0.29,VADILALIND
Net profit,35.49,19.15,-6.74,-15.76,-15.34,-8.05,-7.62,6.91,2.27,0.82,VADILALIND
Operating Profit,60.66,15.05,-2.65,-13.48,-12.31,-6.12,-5.0,18.08,11.94,7.07,VADILALIND
