Report Date,2019-06-30 00:00:00,2019-09-30 00:00:00,2019-12-31 00:00:00,2020-03-31 00:00:00,2020-06-30 00:00:00,2020-09-30 00:00:00,2020-12-31 00:00:00,2021-03-31 00:00:00,2021-06-30 00:00:00,2021-09-30 00:00:00,Company_Name
Sales,162.73,142.56,144.51,133.77,111.75,132.29,159.99,170.2,184.34,212.7,VALIANTORG
Expenses,105.69,97.67,103.42,103.4,77.26,95.85,116.7,133.67,145.0,176.01,VALIANTORG
Other Income,0.49,1.67,0.53,2.53,4.03,3.21,3.29,7.74,2.6,0.44,VALIANTORG
Depreciation,3.01,2.85,3.31,3.89,4.4,4.58,4.7,4.95,6.15,6.26,VALIANTORG
Interest,0.41,0.2,0.22,0.21,0.76,0.64,0.93,1.16,1.77,1.56,VALIANTORG
Profit before tax,54.11,43.51,38.09,28.8,33.36,34.43,40.95,38.16,34.02,29.31,VALIANTORG
Tax,12.86,12.29,8.5,6.96,8.68,7.37,9.35,10.55,7.36,7.8,VALIANTORG
Net profit,41.25,31.23,29.59,21.85,24.68,27.06,31.6,27.6,26.65,21.51,VALIANTORG
Operating Profit,57.04,44.89,41.09,30.37,34.49,36.44,43.29,36.53,39.34,36.69,VALIANTORG
