Report Date,2019-06-30 00:00:00,2019-09-30 00:00:00,2019-12-31 00:00:00,2020-03-31 00:00:00,2020-06-30 00:00:00,2020-09-30 00:00:00,2020-12-31 00:00:00,2021-03-31 00:00:00,2021-06-30 00:00:00,2021-09-30 00:00:00,Company_Name
Sales,23.04,51.76,47.14,33.44,3.65,31.86,9.43,30.06,24.1,67.49,VIKASLIFE
Expenses,21.35,49.88,45.41,32.29,3.83,30.14,11.94,21.34,23.34,68.22,VIKASLIFE
Other Income,-0.48,0.44,1.14,0.68,1.25,0.82,3.76,-9.05,1.23,4.28,VIKASLIFE
Depreciation,0.07,0.14,0.26,-0.03,0.14,0.15,0.14,0.25,0.21,0.36,VIKASLIFE
Interest,0.97,1.43,1.05,1.84,0.82,1.97,1.01,1.55,1.33,0.12,VIKASLIFE
Profit before tax,0.17,0.75,1.56,0.02,0.11,0.42,0.1,-2.13,0.45,3.07,VIKASLIFE
Tax,0.05,0.19,0.43,0.44,0.03,0.11,0.04,1.83,0.11,0.5,VIKASLIFE
Net profit,0.12,0.57,1.13,-0.42,0.08,0.31,0.07,-3.96,0.33,2.56,VIKASLIFE
Operating Profit,1.69,1.88,1.73,1.15,-0.18,1.72,-2.51,8.72,0.76,-0.73,VIKASLIFE
