Report Date,2019-06-30 00:00:00,2019-09-30 00:00:00,2019-12-31 00:00:00,2020-03-31 00:00:00,2020-06-30 00:00:00,2020-09-30 00:00:00,2020-12-31 00:00:00,2021-03-31 00:00:00,2021-06-30 00:00:00,2021-09-30 00:00:00,Company_Name
Sales,85.09,105.43,110.65,71.16,29.85,81.65,126.69,165.96,149.32,262.17,VINYLINDIA
Expenses,85.77,102.66,106.35,71.23,28.53,79.76,120.63,161.69,143.54,257.67,VINYLINDIA
Other Income,1.73,0.7,0.92,0.38,0.27,0.13,0.42,0.92,2.67,0.2,VINYLINDIA
Depreciation,,,0.01,,,,,,,,VINYLINDIA
Interest,0.01,0.04,,,0.01,0.01,,0.02,0.02,0.06,VINYLINDIA
Profit before tax,1.04,3.43,5.21,0.31,1.58,2.01,6.48,5.17,8.43,4.64,VINYLINDIA
Tax,0.32,0.82,1.33,0.06,0.42,0.52,1.65,1.3,2.15,1.18,VINYLINDIA
Net profit,0.72,2.61,3.88,0.25,1.16,1.49,4.83,3.87,6.28,3.46,VINYLINDIA
Operating Profit,-0.68,2.77,4.3,-0.07,1.32,1.89,6.06,4.27,5.78,4.5,VINYLINDIA
