Report Date,2019-06-30 00:00:00,2019-09-30 00:00:00,2019-12-31 00:00:00,2020-03-31 00:00:00,2020-06-30 00:00:00,2020-09-30 00:00:00,2020-12-31 00:00:00,2021-03-31 00:00:00,2021-06-30 00:00:00,2021-09-30 00:00:00,Company_Name
Sales,564.18,411.52,430.35,307.25,40.33,101.61,229.97,241.32,201.75,324.92,VIPIND
Expenses,448.55,352.8,372.55,296.3,89.82,124.69,225.27,251.76,189.23,291.34,VIPIND
Other Income,-36.01,2.73,1.8,8.61,19.08,16.26,9.14,16.32,14.39,16.16,VIPIND
Depreciation,18.05,19.07,20.02,20.34,20.47,15.83,15.48,15.25,15.25,14.56,VIPIND
Interest,5.28,6.31,5.27,4.77,6.18,7.45,7.8,6.91,6.93,6.04,VIPIND
Profit before tax,56.29,36.07,34.31,-5.55,-57.06,-30.1,-9.44,-16.28,4.73,29.14,VIPIND
Tax,18.76,5.86,7.76,0.01,-15.39,-7.81,-0.76,-4.39,1.25,5.51,VIPIND
Net profit,37.53,30.21,26.55,-5.56,-41.67,-22.29,-8.68,-11.89,3.48,23.63,VIPIND
Operating Profit,115.63,58.72,57.8,10.95,-49.49,-23.08,4.7,-10.44,12.52,33.58,VIPIND
