Report Date,2019-06-30 00:00:00,2019-09-30 00:00:00,2019-12-31 00:00:00,2020-03-31 00:00:00,2020-06-30 00:00:00,2020-09-30 00:00:00,2020-12-31 00:00:00,2021-03-31 00:00:00,2021-06-30 00:00:00,2021-09-30 00:00:00,Company_Name
Sales,352.82,228.41,241.44,227.71,285.19,226.18,280.69,354.15,349.06,292.25,VISAKAIND
Expenses,304.07,210.15,220.06,207.22,226.91,185.59,238.89,301.35,284.13,250.85,VISAKAIND
Other Income,1.49,2.03,1.43,1.67,1.56,2.43,2.18,2.42,2.11,2.04,VISAKAIND
Depreciation,10.85,10.15,10.03,9.94,9.8,10.04,10.11,10.05,9.07,9.01,VISAKAIND
Interest,4.39,4.1,4.26,4.67,3.94,3.02,2.74,3.11,3.32,2.42,VISAKAIND
Profit before tax,35.0,6.04,8.52,7.55,46.1,29.96,31.13,42.06,54.65,32.01,VISAKAIND
Tax,11.92,-7.16,2.38,0.7,11.68,7.65,8.09,11.19,14.06,8.22,VISAKAIND
Net profit,23.08,13.21,6.15,6.86,34.42,22.3,23.04,30.88,40.58,23.79,VISAKAIND
Operating Profit,48.75,18.26,21.38,20.49,58.28,40.59,41.8,52.8,64.93,41.4,VISAKAIND
