Report Date,2019-06-30 00:00:00,2019-09-30 00:00:00,2019-12-31 00:00:00,2020-03-31 00:00:00,2020-06-30 00:00:00,2020-09-30 00:00:00,2020-12-31 00:00:00,2021-03-31 00:00:00,2021-06-30 00:00:00,2021-09-30 00:00:00,Company_Name
Sales,59.11,99.62,62.77,55.1,53.53,59.4,62.44,34.68,62.3,51.04,VIVIMEDLAB
Expenses,46.48,90.14,52.59,55.1,38.15,46.42,48.72,54.96,51.48,61.92,VIVIMEDLAB
Other Income,2.63,1.01,1.31,1.59,1.36,1.36,1.57,1.78,0.92,0.14,VIVIMEDLAB
Depreciation,4.29,4.19,4.17,3.92,3.94,3.95,3.95,3.95,4.35,4.17,VIVIMEDLAB
Interest,9.98,11.15,11.85,10.02,11.4,9.83,11.13,9.13,9.45,8.55,VIVIMEDLAB
Profit before tax,0.99,-4.85,-4.53,-12.35,1.4,0.56,0.21,-31.58,-2.06,-23.46,VIVIMEDLAB
Tax,0.25,-1.21,,-0.61,0.23,,,-0.23,,,VIVIMEDLAB
Net profit,0.75,-3.64,-4.53,-11.74,1.17,0.55,0.2,-31.35,-2.06,-23.46,VIVIMEDLAB
Operating Profit,12.63,9.48,10.18,,15.38,12.98,13.72,-20.28,10.82,-10.88,VIVIMEDLAB
