Report Date,2019-06-30 00:00:00,2019-09-30 00:00:00,2019-12-31 00:00:00,2020-03-31 00:00:00,2020-06-30 00:00:00,2020-09-30 00:00:00,2020-12-31 00:00:00,2021-03-31 00:00:00,2021-06-30 00:00:00,2021-09-30 00:00:00,Company_Name
Sales,-1.56,2.37,5.45,61.41,6.26,32.96,64.61,111.78,80.25,70.0,VLSFINANCE
Expenses,2.46,32.1,20.93,23.33,1.95,2.05,2.9,6.13,4.79,5.52,VLSFINANCE
Other Income,,,,0.09,,,0.01,0.01,,,VLSFINANCE
Depreciation,0.28,0.28,0.3,0.3,0.22,0.19,0.19,0.16,0.15,0.16,VLSFINANCE
Interest,0.02,0.02,0.02,0.01,,,,0.01,,,VLSFINANCE
Profit before tax,-4.32,-30.03,-15.8,37.86,4.09,30.72,61.53,105.49,75.31,64.32,VLSFINANCE
Tax,-2.46,-4.12,0.79,-38.97,-7.65,0.25,-9.21,2.6,7.19,10.65,VLSFINANCE
Net profit,-1.85,-25.91,-16.59,76.84,11.75,30.46,70.73,102.88,68.13,53.67,VLSFINANCE
Operating Profit,-4.02,-29.73,-15.48,38.08,4.31,30.91,61.71,105.65,75.46,64.48,VLSFINANCE
