Report Date,2019-06-30 00:00:00,2019-09-30 00:00:00,2019-12-31 00:00:00,2020-03-31 00:00:00,2020-06-30 00:00:00,2020-09-30 00:00:00,2020-12-31 00:00:00,2021-03-31 00:00:00,2021-06-30 00:00:00,2021-09-30 00:00:00,Company_Name
Sales,62.79,100.17,74.66,60.43,47.83,96.6,99.91,81.31,50.83,71.0,WALCHANNAG
Expenses,59.63,73.33,66.53,64.81,47.26,87.46,91.91,79.26,53.39,63.82,WALCHANNAG
Other Income,4.55,2.77,-4.79,7.78,1.34,5.65,10.44,7.6,2.99,17.11,WALCHANNAG
Depreciation,5.93,5.88,5.81,5.38,5.4,5.78,6.01,5.77,5.7,5.62,WALCHANNAG
Interest,22.27,22.65,21.44,20.16,19.03,20.53,20.14,19.36,16.67,17.82,WALCHANNAG
Profit before tax,-20.49,1.08,-23.91,-22.14,-22.52,-11.52,-7.71,-15.48,-21.94,0.85,WALCHANNAG
Tax,,,,,,,,,,,WALCHANNAG
Net profit,-20.49,1.08,-23.91,-22.14,-22.52,-11.52,-7.71,-15.48,-21.94,0.85,WALCHANNAG
Operating Profit,3.16,26.84,8.13,-4.38,0.57,9.14,8.0,2.05,-2.56,7.18,WALCHANNAG
