Report Date,2019-06-30 00:00:00,2019-09-30 00:00:00,2019-12-31 00:00:00,2020-03-31 00:00:00,2020-06-30 00:00:00,2020-09-30 00:00:00,2020-12-31 00:00:00,2021-03-31 00:00:00,2021-06-30 00:00:00,2021-09-30 00:00:00,Company_Name
Sales,0.11,0.16,0.12,0.11,0.19,0.1,0.08,0.06,0.12,0.12,WESTLIFE
Expenses,0.16,0.24,0.19,0.21,0.25,0.21,0.16,0.21,0.18,0.22,WESTLIFE
Other Income,,,,,,,,,,,WESTLIFE
Depreciation,,,,,,,,,,,WESTLIFE
Interest,,,,,,,,,,,WESTLIFE
Profit before tax,-0.05,-0.08,-0.07,-0.1,-0.06,-0.11,-0.08,-0.15,-0.06,-0.1,WESTLIFE
Tax,,,,,,,,,,,WESTLIFE
Net profit,-0.05,-0.08,-0.07,-0.1,-0.06,-0.11,-0.08,-0.15,-0.06,-0.1,WESTLIFE
Operating Profit,-0.05,-0.08,-0.07,-0.1,-0.06,-0.11,-0.08,-0.15,-0.06,-0.1,WESTLIFE
