Report Date,2019-06-30 00:00:00,2019-09-30 00:00:00,2019-12-31 00:00:00,2020-03-31 00:00:00,2020-06-30 00:00:00,2020-09-30 00:00:00,2020-12-31 00:00:00,2021-03-31 00:00:00,2021-06-30 00:00:00,2021-09-30 00:00:00,Company_Name
Sales,711.96,593.15,583.24,540.21,210.52,509.12,640.04,852.07,669.6,910.09,WHEELS
Expenses,662.31,553.12,542.49,505.55,233.38,470.08,588.9,782.48,624.12,844.61,WHEELS
Other Income,1.35,2.48,2.9,4.51,1.51,1.72,1.61,1.27,5.41,1.13,WHEELS
Depreciation,18.12,16.87,16.92,18.29,16.53,18.57,21.75,23.78,22.37,24.47,WHEELS
Interest,16.47,15.47,14.48,15.11,13.31,12.7,13.44,13.23,14.61,13.7,WHEELS
Profit before tax,16.41,10.17,12.25,5.77,-51.19,9.49,17.56,33.85,13.91,28.44,WHEELS
Tax,4.79,-18.5,3.05,1.15,-12.96,2.06,5.56,8.31,3.78,7.24,WHEELS
Net profit,11.62,28.67,9.2,4.62,-38.23,7.43,12.0,25.54,10.13,21.2,WHEELS
Operating Profit,49.65,40.03,40.75,34.66,-22.86,39.04,51.14,69.59,45.48,65.48,WHEELS
