Report Date,2019-06-30 00:00:00,2019-09-30 00:00:00,2019-12-31 00:00:00,2020-03-31 00:00:00,2020-06-30 00:00:00,2020-09-30 00:00:00,2020-12-31 00:00:00,2021-03-31 00:00:00,2021-06-30 00:00:00,2021-09-30 00:00:00,Company_Name
Sales,214.68,304.99,208.17,162.21,177.58,294.96,252.97,261.75,278.95,310.44,WOCKPHARMA
Expenses,296.12,244.05,260.52,222.54,758.12,307.27,261.03,283.53,261.77,300.97,WOCKPHARMA
Other Income,34.58,24.1,60.82,32.4,1337.58,14.96,9.72,6.31,3.15,4.19,WOCKPHARMA
Depreciation,43.99,41.14,43.78,44.48,46.08,42.97,42.72,52.31,42.47,43.16,WOCKPHARMA
Interest,56.28,54.29,51.55,58.05,58.61,46.97,49.2,45.46,55.43,59.99,WOCKPHARMA
Profit before tax,-147.13,-10.39,-86.86,-130.46,652.35,-87.29,-90.26,-113.24,-77.57,-89.49,WOCKPHARMA
Tax,-64.2,-10.46,-17.02,-51.98,-114.04,-29.91,-21.59,-66.19,-28.88,-25.79,WOCKPHARMA
Net profit,-82.93,0.07,-69.84,-78.48,766.39,-57.38,-68.67,-47.05,-48.69,-63.7,WOCKPHARMA
Operating Profit,-81.44,60.94,-52.35,-60.33,-580.54,-12.31,-8.06,-21.78,17.18,9.47,WOCKPHARMA
