Report Date,2019-06-30 00:00:00,2019-09-30 00:00:00,2019-12-31 00:00:00,2020-03-31 00:00:00,2020-06-30 00:00:00,2020-09-30 00:00:00,2020-12-31 00:00:00,2021-03-31 00:00:00,2021-06-30 00:00:00,2021-09-30 00:00:00,Company_Name
Sales,20.72,27.19,16.08,18.87,10.58,13.56,12.9,13.67,18.59,22.33,ZENITHEXPO
Expenses,20.07,28.32,17.71,19.42,10.76,14.91,13.86,13.61,18.52,22.0,ZENITHEXPO
Other Income,0.32,0.57,0.94,1.81,0.92,0.94,0.56,1.09,0.4,0.46,ZENITHEXPO
Depreciation,0.42,0.41,0.43,0.43,0.41,0.41,0.42,0.4,0.32,0.32,ZENITHEXPO
Interest,0.31,0.26,0.19,0.24,0.15,0.15,0.54,0.2,0.18,0.26,ZENITHEXPO
Profit before tax,0.24,-1.23,-1.31,0.59,0.18,-0.97,-1.36,0.55,-0.03,0.21,ZENITHEXPO
Tax,0.1,0.35,-0.33,-0.28,0.04,-0.23,-0.33,0.21,,0.08,ZENITHEXPO
Net profit,0.14,-1.58,-0.98,0.87,0.14,-0.74,-1.03,0.34,-0.03,0.13,ZENITHEXPO
Operating Profit,0.65,-1.13,-1.63,-0.55,-0.18,-1.35,-0.96,0.06,0.07,0.33,ZENITHEXPO
